[
  {
    "title": "Bananer",
    "subtitle": "Colombia/ Guatemala, 1 stk",
    "category": { "sub": "Frukt", "parent": "Alle kategorier" },
    "price": { "price": 4.8, "unitPrice": 20.87, "unit": "kg", "qty": 0.23 }
  },
  {
    "title": "Økologiske Bananer",
    "subtitle": "Max Havelaar, Ecuador, 4 stk",
    "category": { "sub": "Frukt", "parent": "Alle kategorier" },
    "price": { "price": 26.2, "unitPrice": 30.11, "unit": "kg", "qty": 0.87 }
  },
  {
    "title": "Røde Appelsiner",
    "subtitle": "1 kg",
    "category": { "sub": "Frukt", "parent": "Alle kategorier" },
    "price": { "price": 49.9, "unitPrice": 49.9, "unit": "kg", "qty": 1 }
  },
  {
    "title": "Rød/Gule Plommer October Sun",
    "subtitle": "I kurv, Sør Afrika, 500 g",
    "category": { "sub": "Frukt", "parent": "Alle kategorier" },
    "price": { "price": 32.7, "unitPrice": 65.4, "unit": "kg", "qty": 0.5 }
  },
  {
    "title": "Store Appelsiner",
    "subtitle": "Spania, 3 stk",
    "category": { "sub": "Frukt", "parent": "Alle kategorier" },
    "price": { "price": 31.6, "unitPrice": 39.5, "unit": "kg", "qty": 0.8 }
  },
  {
    "title": "Økologiske Appelsiner",
    "subtitle": "Spania, 1 kg",
    "category": { "sub": "Frukt", "parent": "Alle kategorier" },
    "price": { "price": 47.8, "unitPrice": 47.8, "unit": "kg", "qty": 1 }
  },
  {
    "title": "Økologiske Klementiner",
    "subtitle": "Spania, 500 g",
    "category": { "sub": "Frukt", "parent": "Alle kategorier" },
    "price": { "price": 41.9, "unitPrice": 83.8, "unit": "kg", "qty": 0.5 }
  },
  {
    "title": "Store Klementiner",
    "subtitle": "Spania, 1 kg",
    "category": { "sub": "Frukt", "parent": "Alle kategorier" },
    "price": { "price": 49.9, "unitPrice": 49.9, "unit": "kg", "qty": 1 }
  },
  {
    "title": "Fruktkurv",
    "subtitle": "Miks av frukt, 4 kg",
    "category": { "sub": "Frukt", "parent": "Alle kategorier" },
    "price": { "price": 173.5, "unitPrice": 43.38, "unit": "kg", "qty": 4 }
  },
  {
    "title": "Ekstra Saftige Fuji Epler",
    "subtitle": "Kina, 4 stk",
    "category": { "sub": "Frukt", "parent": "Alle kategorier" },
    "price": { "price": 37.9, "unitPrice": 54.14, "unit": "kg", "qty": 0.7 }
  },
  {
    "title": "Luksus Fruktkurv",
    "subtitle": "Miks av frukt, 4,5 kg",
    "category": { "sub": "Frukt", "parent": "Alle kategorier" },
    "price": { "price": 305, "unitPrice": 67.78, "unit": "kg", "qty": 4.5 }
  },
  {
    "title": "Mango Stor",
    "subtitle": "Spisemoden, Brasil/Peru, 1 stk",
    "category": { "sub": "Frukt", "parent": "Alle kategorier" },
    "price": { "price": 34.9, "unitPrice": 83.1, "unit": "kg", "qty": 0.42 }
  },
  {
    "title": "Mango",
    "subtitle": "Spisemoden, Brasil/Peru, 2 stk",
    "category": { "sub": "Frukt", "parent": "Alle kategorier" },
    "price": { "price": 42.8, "unitPrice": 50.95, "unit": "kg", "qty": 0.84 }
  },
  {
    "title": "Økologiske Pærer, Conference",
    "subtitle": "3-4 stk Frankrike, 500 g",
    "category": { "sub": "Frukt", "parent": "Alle kategorier" },
    "price": { "price": 47.4, "unitPrice": 94.8, "unit": "kg", "qty": 0.5 }
  },
  {
    "title": "Store Pærer, Conference",
    "subtitle": "Belgia, 4 pk, 4 stk",
    "category": { "sub": "Frukt", "parent": "Alle kategorier" },
    "price": { "price": 27.3, "unitPrice": 45.5, "unit": "kg", "qty": 0.6 }
  },
  {
    "title": "Pink Lady Epler",
    "subtitle": "Italia, 6 stk",
    "category": { "sub": "Frukt", "parent": "Alle kategorier" },
    "price": { "price": 42.8, "unitPrice": 50.35, "unit": "kg", "qty": 0.85 }
  },
  {
    "title": "Epler, røde, 4 pk",
    "subtitle": "Royal Gala Italia, ca. 750 g",
    "category": { "sub": "Frukt", "parent": "Alle kategorier" },
    "price": { "price": 40, "unitPrice": 53.33, "unit": "kg", "qty": 0.75 }
  },
  {
    "title": "Røde Epler Gala 2-3 stk",
    "subtitle": "Økologisk, Italia, 500 g",
    "category": { "sub": "Frukt", "parent": "Alle kategorier" },
    "price": { "price": 36, "unitPrice": 72, "unit": "kg", "qty": 0.5 }
  },
  {
    "title": "Epler, Røde, 6 pk",
    "subtitle": "Royal Gala/ Italia, 950 g",
    "category": { "sub": "Frukt", "parent": "Alle kategorier" },
    "price": { "price": 41.4, "unitPrice": 43.58, "unit": "kg", "qty": 0.95 }
  },
  {
    "title": "Epler gule, 4 pk",
    "subtitle": "Golden Delicious, Italia, 750 g",
    "category": { "sub": "Frukt", "parent": "Alle kategorier" },
    "price": { "price": 32.2, "unitPrice": 42.93, "unit": "kg", "qty": 0.75 }
  },
  {
    "title": "Epler, gule, 6 pk",
    "subtitle": "Golden Delicious, Italia, 950 g",
    "category": { "sub": "Frukt", "parent": "Alle kategorier" },
    "price": { "price": 26.5, "unitPrice": 27.89, "unit": "kg", "qty": 0.95 }
  },
  {
    "title": "Epler, grønne, 4 pk",
    "subtitle": "Granny Smith, Italia, 750 g",
    "category": { "sub": "Frukt", "parent": "Alle kategorier" },
    "price": { "price": 32.1, "unitPrice": 42.8, "unit": "kg", "qty": 0.75 }
  },
  {
    "title": "Epler, Grønne, 6 pk",
    "subtitle": "Granny Smith, Italia, 950 g",
    "category": { "sub": "Frukt", "parent": "Alle kategorier" },
    "price": { "price": 23.7, "unitPrice": 24.95, "unit": "kg", "qty": 0.95 }
  },
  {
    "title": "Jordbær",
    "subtitle": "Egypt/ Spania, 400 g",
    "category": { "sub": "Frukt", "parent": "Alle kategorier" },
    "price": { "price": 50.9, "unitPrice": 127.25, "unit": "kg", "qty": 0.4 }
  },
  {
    "title": "Blåbær i kurv",
    "subtitle": "Peru, 125 g",
    "category": { "sub": "Frukt", "parent": "Alle kategorier" },
    "price": { "price": 23.2, "unitPrice": 185.6, "unit": "kg", "qty": 0.13 }
  },
  {
    "title": "Blåbær",
    "subtitle": "Beger m/lokk, Peru, 225 g",
    "category": { "sub": "Frukt", "parent": "Alle kategorier" },
    "price": { "price": 45.8, "unitPrice": 203.56, "unit": "kg", "qty": 0.22 }
  },
  {
    "title": "Bringebær",
    "subtitle": "Spania, 125 g",
    "category": { "sub": "Frukt", "parent": "Alle kategorier" },
    "price": { "price": 36.7, "unitPrice": 293.6, "unit": "kg", "qty": 0.13 }
  },
  {
    "title": "Druer Grønne Stenfrie",
    "subtitle": "Kurv, Egypt, 500 g",
    "category": { "sub": "Frukt", "parent": "Alle kategorier" },
    "price": { "price": 37.8, "unitPrice": 75.6, "unit": "kg", "qty": 0.5 }
  },
  {
    "title": "Druer Røde Stenfrie",
    "subtitle": "Kurv, Brasil, 500 g",
    "category": { "sub": "Frukt", "parent": "Alle kategorier" },
    "price": { "price": 32.9, "unitPrice": 65.8, "unit": "kg", "qty": 0.5 }
  },
  {
    "title": "Store Lime",
    "subtitle": "Brasil/Mexico, 3 stk",
    "category": { "sub": "Frukt", "parent": "Alle kategorier" },
    "price": { "price": 28.1, "unitPrice": 100.36, "unit": "kg", "qty": 0.28 }
  },
  {
    "title": "Økologisk Lime 2/3 stk",
    "subtitle": "Brasil, 250 g",
    "category": { "sub": "Frukt", "parent": "Alle kategorier" },
    "price": { "price": 49.1, "unitPrice": 169.31, "unit": "kg", "qty": 0.29 }
  },
  {
    "title": "Kiwi",
    "subtitle": "New Zealand/ Italia, 4 stk",
    "category": { "sub": "Frukt", "parent": "Alle kategorier" },
    "price": { "price": 15.6, "unitPrice": 44.57, "unit": "kg", "qty": 0.35 }
  },
  {
    "title": "Økologisk Kiwi, 4-5 stk",
    "subtitle": "Italia, ca. 500 g",
    "category": { "sub": "Frukt", "parent": "Alle kategorier" },
    "price": { "price": 43.5, "unitPrice": 87, "unit": "kg", "qty": 0.5 }
  },
  {
    "title": "Grapefrukt",
    "subtitle": "Sør Afrika/Israel, 1 stk",
    "category": { "sub": "Frukt", "parent": "Alle kategorier" },
    "price": { "price": 18.6, "unitPrice": 62, "unit": "kg", "qty": 0.3 }
  },
  {
    "title": "Kumquat",
    "subtitle": "Spania, 100 g",
    "category": { "sub": "Frukt", "parent": "Alle kategorier" },
    "price": { "price": 35.8, "unitPrice": 358, "unit": "kg", "qty": 0.1 }
  },
  {
    "title": "Sitroner 2/3 stk",
    "subtitle": "Spania/ Sørafrika/ Uruguay, 380 g",
    "category": { "sub": "Frukt", "parent": "Alle kategorier" },
    "price": { "price": 12, "unitPrice": 31.58, "unit": "kg", "qty": 0.38 }
  },
  {
    "title": "Økologiske Sitroner",
    "subtitle": "Spania, 2 stk",
    "category": { "sub": "Frukt", "parent": "Alle kategorier" },
    "price": { "price": 35.8, "unitPrice": 162.73, "unit": "kg", "qty": 0.22 }
  },
  {
    "title": "Papaya Spisemoden",
    "subtitle": "Brasil, 1 stk",
    "category": { "sub": "Frukt", "parent": "Alle kategorier" },
    "price": { "price": 69.9, "unitPrice": 241.03, "unit": "kg", "qty": 0.29 }
  },
  {
    "title": "Vannmelon",
    "subtitle": "Spania, 2 kg",
    "category": { "sub": "Frukt", "parent": "Alle kategorier" },
    "price": { "price": 53.1, "unitPrice": 26.55, "unit": "kg", "qty": 2 }
  },
  {
    "title": "Honningmelon",
    "subtitle": "Spania, 1 stk",
    "category": { "sub": "Frukt", "parent": "Alle kategorier" },
    "price": { "price": 41.9, "unitPrice": 27.93, "unit": "kg", "qty": 1.5 }
  },
  {
    "title": "Melon Cantaloupe",
    "subtitle": "Spania, 1 stk",
    "category": { "sub": "Frukt", "parent": "Alle kategorier" },
    "price": { "price": 42.1, "unitPrice": 46.78, "unit": "kg", "qty": 0.9 }
  },
  {
    "title": "Piel de Sapo Melon",
    "subtitle": "Spania/ Brasil, 1 stk",
    "category": { "sub": "Frukt", "parent": "Alle kategorier" },
    "price": { "price": 52.4, "unitPrice": 34.93, "unit": "kg", "qty": 1.5 }
  },
  {
    "title": "Kokosnøtt",
    "subtitle": "Elfenbenkysten, 1 stk",
    "category": { "sub": "Frukt", "parent": "Alle kategorier" },
    "price": { "price": 24.2, "unitPrice": 48.4, "unit": "kg", "qty": 0.5 }
  },
  {
    "title": "Ananas Gold",
    "subtitle": "Costa Rica, 1 stk",
    "category": { "sub": "Frukt", "parent": "Alle kategorier" },
    "price": { "price": 30.8, "unitPrice": 30.8, "unit": "kg", "qty": 1 }
  },
  {
    "title": "Økologisk Ananas",
    "subtitle": "Elfenbenkysten, 1 stk",
    "category": { "sub": "Frukt", "parent": "Alle kategorier" },
    "price": { "price": 54.9, "unitPrice": 39.21, "unit": "kg", "qty": 1.4 }
  },
  {
    "title": "Physalis Kurv",
    "subtitle": "Colombia, 100 g",
    "category": { "sub": "Frukt", "parent": "Alle kategorier" },
    "price": { "price": 35.8, "unitPrice": 358, "unit": "kg", "qty": 0.1 }
  },
  {
    "title": "Granateple",
    "subtitle": "Peru, 1 stk",
    "category": { "sub": "Frukt", "parent": "Alle kategorier" },
    "price": { "price": 34.4, "unitPrice": 172, "unit": "kg", "qty": 0.2 }
  },
  {
    "title": "Fiken",
    "subtitle": "Brasil, 4 stk",
    "category": { "sub": "Frukt", "parent": "Alle kategorier" },
    "price": { "price": 65.3, "unitPrice": 261.2, "unit": "kg", "qty": 0.25 }
  },
  {
    "title": "Pasjonsfrukt",
    "subtitle": "Colombia, 4 stk",
    "category": { "sub": "Frukt", "parent": "Alle kategorier" },
    "price": { "price": 43.5, "unitPrice": 189.13, "unit": "kg", "qty": 0.23 }
  },
  {
    "title": "Bananer i Kasse",
    "subtitle": "5 kg",
    "category": { "sub": "Frukt", "parent": "Alle kategorier" },
    "price": { "price": 173.8, "unitPrice": 34.76, "unit": "kg", "qty": 5 }
  },
  {
    "title": "Appelsiner i Nett",
    "subtitle": "Vår Laveste Pris, Spania, 2 kg",
    "category": { "sub": "Frukt", "parent": "Alle kategorier" },
    "price": { "price": 29.8, "unitPrice": 14.9, "unit": "kg", "qty": 2 }
  },
  {
    "title": "Røde Epler i Pose",
    "subtitle": "Polen, 1,5 kg",
    "category": { "sub": "Frukt", "parent": "Alle kategorier" },
    "price": { "price": 48.1, "unitPrice": 32.07, "unit": "kg", "qty": 1.5 }
  },
  {
    "title": "Pærer",
    "subtitle": "Vår Laveste Pris,Packham, Belgia, 1 kg",
    "category": { "sub": "Frukt", "parent": "Alle kategorier" },
    "price": { "price": 38.8, "unitPrice": 38.8, "unit": "kg", "qty": 1 }
  },
  {
    "title": "Små Grønne Druer",
    "subtitle": "Laveste Pris/ Hellas, 500 g",
    "category": { "sub": "Frukt", "parent": "Alle kategorier" },
    "price": { "price": 14, "unitPrice": 28, "unit": "kg", "qty": 0.5 }
  },
  {
    "title": "Små Bananer i Pose",
    "subtitle": "ca. 1 kg Costa Rica",
    "category": { "sub": "Frukt", "parent": "Alle kategorier" },
    "price": { "price": 17.9, "unitPrice": 17.9, "unit": "kg", "qty": 1 }
  },
  {
    "title": "Små Lime Vår Laveste pris",
    "subtitle": "Brasil/Mexico, 6 stk",
    "category": { "sub": "Frukt", "parent": "Alle kategorier" },
    "price": { "price": 16.9, "unitPrice": 42.25, "unit": "kg", "qty": 0.4 }
  },
  {
    "title": "Små Klementiner i Nett",
    "subtitle": "Vår laveste Pris Spania, 2 kg",
    "category": { "sub": "Frukt", "parent": "Alle kategorier" },
    "price": { "price": 24.8, "unitPrice": 12.4, "unit": "kg", "qty": 2 }
  },
  {
    "title": "Små Røde Druer",
    "subtitle": "Vår Laveste Pris, Spania/ Egypt, 500 g",
    "category": { "sub": "Frukt", "parent": "Alle kategorier" },
    "price": { "price": 21.5, "unitPrice": 43, "unit": "kg", "qty": 0.5 }
  },
  {
    "title": "Blåbær i kurv",
    "subtitle": "Peru, 125 g",
    "category": { "sub": "Bær", "parent": "Alle kategorier" },
    "price": { "price": 23.2, "unitPrice": 185.6, "unit": "kg", "qty": 0.13 }
  },
  {
    "title": "Bringebær",
    "subtitle": "Spania, 125 g",
    "category": { "sub": "Bær", "parent": "Alle kategorier" },
    "price": { "price": 36.7, "unitPrice": 293.6, "unit": "kg", "qty": 0.13 }
  },
  {
    "title": "Jordbær",
    "subtitle": "Egypt/ Spania, 400 g",
    "category": { "sub": "Bær", "parent": "Alle kategorier" },
    "price": { "price": 50.9, "unitPrice": 127.25, "unit": "kg", "qty": 0.4 }
  },
  {
    "title": "Blåbær",
    "subtitle": "Beger m/lokk, Peru, 225 g",
    "category": { "sub": "Bær", "parent": "Alle kategorier" },
    "price": { "price": 45.8, "unitPrice": 203.56, "unit": "kg", "qty": 0.22 }
  },
  {
    "title": "Bjørnebær",
    "subtitle": "Mexico, 125 g",
    "category": { "sub": "Bær", "parent": "Alle kategorier" },
    "price": { "price": 52.9, "unitPrice": 423.2, "unit": "kg", "qty": 0.13 }
  },
  {
    "title": "Rips",
    "subtitle": "Nederland, 125 g",
    "category": { "sub": "Bær", "parent": "Alle kategorier" },
    "price": { "price": 36.7, "unitPrice": 293.6, "unit": "kg", "qty": 0.13 }
  },
  {
    "title": "Kyllingsalat",
    "subtitle": "1 stk",
    "category": {
      "sub": "Ferdig kuttede salater",
      "parent": "Alle kategorier"
    },
    "price": { "price": 109, "unitPrice": 109, "unit": "stk", "qty": 1 }
  },
  {
    "title": "Salat med Ost Og skinke",
    "subtitle": "1 stk",
    "category": {
      "sub": "Ferdig kuttede salater",
      "parent": "Alle kategorier"
    },
    "price": { "price": 109, "unitPrice": 109, "unit": "stk", "qty": 1 }
  },
  {
    "title": "Babyleafmiks",
    "subtitle": "Vasket, Italia, 175 g",
    "category": {
      "sub": "Ferdig kuttede salater",
      "parent": "Alle kategorier"
    },
    "price": { "price": 47.1, "unitPrice": 269.14, "unit": "kg", "qty": 0.18 }
  },
  {
    "title": "Gourmetsalat",
    "subtitle": "Vasket,Spania, 200 g",
    "category": {
      "sub": "Ferdig kuttede salater",
      "parent": "Alle kategorier"
    },
    "price": { "price": 40.5, "unitPrice": 202.5, "unit": "kg", "qty": 0.2 }
  },
  {
    "title": "Grønnkål Miks",
    "subtitle": "Vasket, Norge, 250 g",
    "category": {
      "sub": "Ferdig kuttede salater",
      "parent": "Alle kategorier"
    },
    "price": { "price": 31, "unitPrice": 124, "unit": "kg", "qty": 0.25 }
  },
  {
    "title": "Grønnkål uten Stilk",
    "subtitle": "Vasket, Norge, 125 g",
    "category": {
      "sub": "Ferdig kuttede salater",
      "parent": "Alle kategorier"
    },
    "price": { "price": 25.4, "unitPrice": 203.2, "unit": "kg", "qty": 0.13 }
  },
  {
    "title": "Isbergmiks",
    "subtitle": "Vasket, Spania, 200 g",
    "category": {
      "sub": "Ferdig kuttede salater",
      "parent": "Alle kategorier"
    },
    "price": { "price": 22.9, "unitPrice": 114.5, "unit": "kg", "qty": 0.2 }
  },
  {
    "title": "Pak Choi Wokmiks",
    "subtitle": "Vasket, Norge/ Spania, 250 g",
    "category": {
      "sub": "Ferdig kuttede salater",
      "parent": "Alle kategorier"
    },
    "price": { "price": 33.1, "unitPrice": 132.4, "unit": "kg", "qty": 0.25 }
  },
  {
    "title": "Råkostmiks",
    "subtitle": "Vasket, Norge, 225 g",
    "category": {
      "sub": "Ferdig kuttede salater",
      "parent": "Alle kategorier"
    },
    "price": { "price": 22, "unitPrice": 97.78, "unit": "kg", "qty": 0.22 }
  },
  {
    "title": "Rød og Grønn salatmiks",
    "subtitle": "Vasket, Spania, 150 g",
    "category": {
      "sub": "Ferdig kuttede salater",
      "parent": "Alle kategorier"
    },
    "price": { "price": 42.5, "unitPrice": 283.33, "unit": "kg", "qty": 0.15 }
  },
  {
    "title": "Romano Mix",
    "subtitle": "Vasket, Italia/Spania, 175 g",
    "category": {
      "sub": "Ferdig kuttede salater",
      "parent": "Alle kategorier"
    },
    "price": { "price": 30.4, "unitPrice": 173.71, "unit": "kg", "qty": 0.18 }
  },
  {
    "title": "Salatblanding LUX",
    "subtitle": "Vasket, Italia/ Spania, 1 kg",
    "category": {
      "sub": "Ferdig kuttede salater",
      "parent": "Alle kategorier"
    },
    "price": { "price": 99.2, "unitPrice": 99.2, "unit": "kg", "qty": 1 }
  },
  {
    "title": "Salatmix Isberg og Radiccio",
    "subtitle": "Vasket, Spania, 250 g",
    "category": {
      "sub": "Ferdig kuttede salater",
      "parent": "Alle kategorier"
    },
    "price": { "price": 29, "unitPrice": 116, "unit": "kg", "qty": 0.25 }
  },
  {
    "title": "Spinat Vasket",
    "subtitle": "Italia, 125 g",
    "category": {
      "sub": "Ferdig kuttede salater",
      "parent": "Alle kategorier"
    },
    "price": { "price": 18.9, "unitPrice": 151.2, "unit": "kg", "qty": 0.13 }
  },
  {
    "title": "Svartkål Wokmiks",
    "subtitle": "Vasket, Norge, 200 g",
    "category": {
      "sub": "Ferdig kuttede salater",
      "parent": "Alle kategorier"
    },
    "price": { "price": 29, "unitPrice": 145, "unit": "kg", "qty": 0.2 }
  },
  {
    "title": "Wokmiks Premium",
    "subtitle": "Vasket,Norge, 250 g",
    "category": {
      "sub": "Ferdig kuttede salater",
      "parent": "Alle kategorier"
    },
    "price": { "price": 31, "unitPrice": 124, "unit": "kg", "qty": 0.25 }
  },
  {
    "title": "Ruccula",
    "subtitle": "Vasket, Italia, 70 g",
    "category": {
      "sub": "Ferdig kuttede salater",
      "parent": "Alle kategorier"
    },
    "price": { "price": 24, "unitPrice": 342.86, "unit": "kg", "qty": 0.07 }
  },
  {
    "title": "Rekesalat",
    "subtitle": "1 stk",
    "category": {
      "sub": "Ferdig kuttede salater",
      "parent": "Alle kategorier"
    },
    "price": { "price": 109, "unitPrice": 109, "unit": "stk", "qty": 1 }
  },
  {
    "title": "Hjertesalat",
    "subtitle": "Spania, 2 stk",
    "category": { "sub": "Salater og kål", "parent": "Alle kategorier" },
    "price": { "price": 12.9, "unitPrice": 6.45, "unit": "stk", "qty": 2 }
  },
  {
    "title": "Crispisalat",
    "subtitle": "Beger, Spania, 1 stk",
    "category": { "sub": "Salater og kål", "parent": "Alle kategorier" },
    "price": { "price": 28.4, "unitPrice": 28.4, "unit": "stk", "qty": 1 }
  },
  {
    "title": "Ruccula",
    "subtitle": "Vasket, Italia, 70 g",
    "category": { "sub": "Salater og kål", "parent": "Alle kategorier" },
    "price": { "price": 24, "unitPrice": 342.86, "unit": "kg", "qty": 0.07 }
  },
  {
    "title": "Isbergsalat",
    "subtitle": "Spania, 1 stk",
    "category": { "sub": "Salater og kål", "parent": "Alle kategorier" },
    "price": { "price": 19.9, "unitPrice": 19.9, "unit": "stk", "qty": 1 }
  },
  {
    "title": "Babyleaf Salatblanding",
    "subtitle": "Spania/ Italia, 100 g",
    "category": { "sub": "Salater og kål", "parent": "Alle kategorier" },
    "price": { "price": 30, "unitPrice": 300, "unit": "kg", "qty": 0.1 }
  },
  {
    "title": "Ruccola",
    "subtitle": "Italia, 75 g",
    "category": { "sub": "Salater og kål", "parent": "Alle kategorier" },
    "price": { "price": 21.9, "unitPrice": 292, "unit": "kg", "qty": 0.07 }
  },
  {
    "title": "Ruccola mix",
    "subtitle": "Vasket, Italia/Spania, 175 g",
    "category": { "sub": "Salater og kål", "parent": "Alle kategorier" },
    "price": { "price": 23.1, "unitPrice": 132, "unit": "kg", "qty": 0.18 }
  },
  {
    "title": "Salatblanding Premium",
    "subtitle": "Spania/ Italia, 100 g",
    "category": { "sub": "Salater og kål", "parent": "Alle kategorier" },
    "price": { "price": 30.5, "unitPrice": 305, "unit": "kg", "qty": 0.1 }
  },
  {
    "title": "Spinat Uvasket",
    "subtitle": "Spania, 250 g",
    "category": { "sub": "Salater og kål", "parent": "Alle kategorier" },
    "price": { "price": 35, "unitPrice": 140, "unit": "kg", "qty": 0.25 }
  },
  {
    "title": "Babyspinat",
    "subtitle": "Uvasket Spania, 100 g",
    "category": { "sub": "Salater og kål", "parent": "Alle kategorier" },
    "price": { "price": 27.9, "unitPrice": 279, "unit": "kg", "qty": 0.1 }
  },
  {
    "title": "Feldsalat",
    "subtitle": "Nederland, 1 stk",
    "category": { "sub": "Salater og kål", "parent": "Alle kategorier" },
    "price": { "price": 31.6, "unitPrice": 31.6, "unit": "stk", "qty": 1 }
  },
  {
    "title": "Grønnkål",
    "subtitle": "Norge, 200 g",
    "category": { "sub": "Salater og kål", "parent": "Alle kategorier" },
    "price": { "price": 32.5, "unitPrice": 162.5, "unit": "kg", "qty": 0.2 }
  },
  {
    "title": "Rapidsalat",
    "subtitle": "Norge, 1 stk",
    "category": { "sub": "Salater og kål", "parent": "Alle kategorier" },
    "price": { "price": 24.2, "unitPrice": 24.2, "unit": "stk", "qty": 1 }
  },
  {
    "title": "Mini Pak Choi",
    "subtitle": "Italia/ Nederland, 125 g",
    "category": { "sub": "Salater og kål", "parent": "Alle kategorier" },
    "price": { "price": 24.9, "unitPrice": 199.2, "unit": "kg", "qty": 0.13 }
  },
  {
    "title": "Romano Grønn",
    "subtitle": "Spania, 1 stk",
    "category": { "sub": "Salater og kål", "parent": "Alle kategorier" },
    "price": { "price": 29.8, "unitPrice": 29.8, "unit": "stk", "qty": 1 }
  },
  {
    "title": "Økologisk Isbergsalat",
    "subtitle": "Italia, 1 stk",
    "category": { "sub": "Salater og kål", "parent": "Alle kategorier" },
    "price": { "price": 36.7, "unitPrice": 36.7, "unit": "stk", "qty": 1 }
  },
  {
    "title": "Hodesalat",
    "subtitle": "Nederland, 1 stk",
    "category": { "sub": "Salater og kål", "parent": "Alle kategorier" },
    "price": { "price": 32.6, "unitPrice": 32.6, "unit": "stk", "qty": 1 }
  },
  {
    "title": "Trippelsalat",
    "subtitle": "Spania/ Italia, 1 stk",
    "category": { "sub": "Salater og kål", "parent": "Alle kategorier" },
    "price": { "price": 46.2, "unitPrice": 46.2, "unit": "stk", "qty": 1 }
  },
  {
    "title": "Salatblanding Premium Beger",
    "subtitle": "Spania/ Italia, 400 g",
    "category": { "sub": "Salater og kål", "parent": "Alle kategorier" },
    "price": { "price": 47.4, "unitPrice": 118.5, "unit": "kg", "qty": 0.4 }
  },
  {
    "title": "Kinakål",
    "subtitle": "Spania, 1 stk",
    "category": { "sub": "Salater og kål", "parent": "Alle kategorier" },
    "price": { "price": 28.8, "unitPrice": 28.8, "unit": "stk", "qty": 1 }
  },
  {
    "title": "Rødkål",
    "subtitle": "Norge, 1,4 kg",
    "category": { "sub": "Salater og kål", "parent": "Alle kategorier" },
    "price": { "price": 19.6, "unitPrice": 14, "unit": "kg", "qty": 1.4 }
  },
  {
    "title": "Spisskål",
    "subtitle": "Spania, 400 g",
    "category": { "sub": "Salater og kål", "parent": "Alle kategorier" },
    "price": { "price": 32.6, "unitPrice": 81.5, "unit": "kg", "qty": 0.4 }
  },
  {
    "title": "Hodekål",
    "subtitle": "Norge, 1,5 kg",
    "category": { "sub": "Salater og kål", "parent": "Alle kategorier" },
    "price": { "price": 20.1, "unitPrice": 13.4, "unit": "kg", "qty": 1.5 }
  },
  {
    "title": "Batavia Grønn",
    "subtitle": "Spania/ Italia, 1 stk",
    "category": { "sub": "Salater og kål", "parent": "Alle kategorier" },
    "price": { "price": 41.4, "unitPrice": 41.4, "unit": "stk", "qty": 1 }
  },
  {
    "title": "Ekeblad Grønn",
    "subtitle": "Spania/ Italia, 1 stk",
    "category": { "sub": "Salater og kål", "parent": "Alle kategorier" },
    "price": { "price": 38.2, "unitPrice": 38.2, "unit": "stk", "qty": 1 }
  },
  {
    "title": "Ekeblad Rød",
    "subtitle": "Spania/ Italia, 1 stk",
    "category": { "sub": "Salater og kål", "parent": "Alle kategorier" },
    "price": { "price": 38.2, "unitPrice": 38.2, "unit": "stk", "qty": 1 }
  },
  {
    "title": "Friséesalat",
    "subtitle": "Spania/ Italia, 1 stk",
    "category": { "sub": "Salater og kål", "parent": "Alle kategorier" },
    "price": { "price": 41.5, "unitPrice": 41.5, "unit": "stk", "qty": 1 }
  },
  {
    "title": "Lollosalat Grønn",
    "subtitle": "Spania/ Italia, 1 stk",
    "category": { "sub": "Salater og kål", "parent": "Alle kategorier" },
    "price": { "price": 38.2, "unitPrice": 38.2, "unit": "stk", "qty": 1 }
  },
  {
    "title": "Lollosalat Rød",
    "subtitle": "Spania/ Italia, 1 stk",
    "category": { "sub": "Salater og kål", "parent": "Alle kategorier" },
    "price": { "price": 38.2, "unitPrice": 38.2, "unit": "stk", "qty": 1 }
  },
  {
    "title": "Brokkoliris",
    "subtitle": "Spania, 200 g",
    "category": { "sub": "Salater og kål", "parent": "Alle kategorier" },
    "price": { "price": 27.3, "unitPrice": 136.5, "unit": "kg", "qty": 0.2 }
  },
  {
    "title": "Blomkålris",
    "subtitle": "Spania, 200 g",
    "category": { "sub": "Salater og kål", "parent": "Alle kategorier" },
    "price": { "price": 28.3, "unitPrice": 141.5, "unit": "kg", "qty": 0.2 }
  },
  {
    "title": "Knutekål",
    "subtitle": "Italia, 300 g",
    "category": { "sub": "Salater og kål", "parent": "Alle kategorier" },
    "price": { "price": 24.2, "unitPrice": 80.67, "unit": "kg", "qty": 0.3 }
  },
  {
    "title": "Radicchio Rosso",
    "subtitle": "Spania/ Italia, 1 stk",
    "category": { "sub": "Salater og kål", "parent": "Alle kategorier" },
    "price": { "price": 36.8, "unitPrice": 147.2, "unit": "kg", "qty": 0.25 }
  },
  {
    "title": "Økologisk Hodekål",
    "subtitle": "Norge, 600 g",
    "category": { "sub": "Salater og kål", "parent": "Alle kategorier" },
    "price": { "price": 42.5, "unitPrice": 70.83, "unit": "kg", "qty": 0.6 }
  },
  {
    "title": "Romano Grovkuttet",
    "subtitle": "Vasket, Spania, 500 g",
    "category": { "sub": "Salater og kål", "parent": "Alle kategorier" },
    "price": { "price": 58.9, "unitPrice": 117.8, "unit": "kg", "qty": 0.5 }
  },
  {
    "title": "Crispisalat",
    "subtitle": "Spania, 400 g",
    "category": { "sub": "Salater og kål", "parent": "Alle kategorier" },
    "price": { "price": 66.6, "unitPrice": 166.5, "unit": "kg", "qty": 0.4 }
  },
  {
    "title": "Økologisk Babyleaf Miks",
    "subtitle": "Italia, 1 stk",
    "category": { "sub": "Salater og kål", "parent": "Alle kategorier" },
    "price": { "price": 43.5, "unitPrice": 580, "unit": "kg", "qty": 0.07 }
  },
  {
    "title": "Blomkålris",
    "subtitle": "Spania, 200 g",
    "category": {
      "sub": "Ferdigkuttet frukt og grønt",
      "parent": "Alle kategorier"
    },
    "price": { "price": 28.3, "unitPrice": 141.5, "unit": "kg", "qty": 0.2 }
  },
  {
    "title": "Brokkoliris",
    "subtitle": "Spania, 200 g",
    "category": {
      "sub": "Ferdigkuttet frukt og grønt",
      "parent": "Alle kategorier"
    },
    "price": { "price": 27.3, "unitPrice": 136.5, "unit": "kg", "qty": 0.2 }
  },
  {
    "title": "Ratatouilleblanding",
    "subtitle": "Ferdigkuttet, Spania/ Holland/ Norge, 250 g",
    "category": {
      "sub": "Ferdigkuttet frukt og grønt",
      "parent": "Alle kategorier"
    },
    "price": { "price": 36.7, "unitPrice": 146.8, "unit": "kg", "qty": 0.25 }
  },
  {
    "title": "Brokkolini",
    "subtitle": "Kenya, 200 g",
    "category": {
      "sub": "Ferdigkuttet frukt og grønt",
      "parent": "Alle kategorier"
    },
    "price": { "price": 48, "unitPrice": 240, "unit": "kg", "qty": 0.2 }
  },
  {
    "title": "Blomkålbuketter",
    "subtitle": "Vasket, Spania, 150 g",
    "category": {
      "sub": "Ferdigkuttet frukt og grønt",
      "parent": "Alle kategorier"
    },
    "price": { "price": 32.1, "unitPrice": 214, "unit": "kg", "qty": 0.15 }
  },
  {
    "title": "Brokkolini Topper",
    "subtitle": "Kenya/ Spania, 150 g",
    "category": {
      "sub": "Ferdigkuttet frukt og grønt",
      "parent": "Alle kategorier"
    },
    "price": { "price": 46.5, "unitPrice": 310, "unit": "kg", "qty": 0.15 }
  },
  {
    "title": "Stekemix med Aspargesbønner Gulrot & Løk",
    "subtitle": "Norge/ Marokko, 200 g",
    "category": {
      "sub": "Ferdigkuttet frukt og grønt",
      "parent": "Alle kategorier"
    },
    "price": { "price": 41.5, "unitPrice": 207.5, "unit": "kg", "qty": 0.2 }
  },
  {
    "title": "Brokkolibuketter",
    "subtitle": "Vasket, Spania, 150 g",
    "category": {
      "sub": "Ferdigkuttet frukt og grønt",
      "parent": "Alle kategorier"
    },
    "price": { "price": 30.5, "unitPrice": 203.33, "unit": "kg", "qty": 0.15 }
  },
  {
    "title": "Stekemix med Aspargesbrokkoli, Gulrot & Løk",
    "subtitle": "Kenya, 200 g",
    "category": {
      "sub": "Ferdigkuttet frukt og grønt",
      "parent": "Alle kategorier"
    },
    "price": { "price": 41.5, "unitPrice": 207.5, "unit": "kg", "qty": 0.2 }
  },
  {
    "title": "Gulrot i Staver",
    "subtitle": "Norge, 180 g",
    "category": {
      "sub": "Ferdigkuttet frukt og grønt",
      "parent": "Alle kategorier"
    },
    "price": { "price": 24.3, "unitPrice": 135, "unit": "kg", "qty": 0.18 }
  },
  {
    "title": "Spinat Vasket",
    "subtitle": "Italia, 125 g",
    "category": {
      "sub": "Ferdigkuttet frukt og grønt",
      "parent": "Alle kategorier"
    },
    "price": { "price": 18.9, "unitPrice": 151.2, "unit": "kg", "qty": 0.13 }
  },
  {
    "title": "Romano Mix",
    "subtitle": "Vasket, Italia/Spania, 175 g",
    "category": {
      "sub": "Ferdigkuttet frukt og grønt",
      "parent": "Alle kategorier"
    },
    "price": { "price": 30.4, "unitPrice": 173.71, "unit": "kg", "qty": 0.18 }
  },
  {
    "title": "Grønnkål uten Stilk",
    "subtitle": "Vasket, Norge, 125 g",
    "category": {
      "sub": "Ferdigkuttet frukt og grønt",
      "parent": "Alle kategorier"
    },
    "price": { "price": 25.4, "unitPrice": 203.2, "unit": "kg", "qty": 0.13 }
  },
  {
    "title": "Babyleafmiks",
    "subtitle": "Vasket, Italia, 175 g",
    "category": {
      "sub": "Ferdigkuttet frukt og grønt",
      "parent": "Alle kategorier"
    },
    "price": { "price": 47.1, "unitPrice": 269.14, "unit": "kg", "qty": 0.18 }
  },
  {
    "title": "Grønnkål Miks",
    "subtitle": "Vasket, Norge, 250 g",
    "category": {
      "sub": "Ferdigkuttet frukt og grønt",
      "parent": "Alle kategorier"
    },
    "price": { "price": 31, "unitPrice": 124, "unit": "kg", "qty": 0.25 }
  },
  {
    "title": "Råkostmiks",
    "subtitle": "Vasket, Norge, 225 g",
    "category": {
      "sub": "Ferdigkuttet frukt og grønt",
      "parent": "Alle kategorier"
    },
    "price": { "price": 22, "unitPrice": 97.78, "unit": "kg", "qty": 0.22 }
  },
  {
    "title": "Gourmetsalat",
    "subtitle": "Vasket,Spania, 200 g",
    "category": {
      "sub": "Ferdigkuttet frukt og grønt",
      "parent": "Alle kategorier"
    },
    "price": { "price": 40.5, "unitPrice": 202.5, "unit": "kg", "qty": 0.2 }
  },
  {
    "title": "Salatmix Isberg og Radiccio",
    "subtitle": "Vasket, Spania, 250 g",
    "category": {
      "sub": "Ferdigkuttet frukt og grønt",
      "parent": "Alle kategorier"
    },
    "price": { "price": 29, "unitPrice": 116, "unit": "kg", "qty": 0.25 }
  },
  {
    "title": "Isbergmiks",
    "subtitle": "Vasket, Spania, 200 g",
    "category": {
      "sub": "Ferdigkuttet frukt og grønt",
      "parent": "Alle kategorier"
    },
    "price": { "price": 22.9, "unitPrice": 114.5, "unit": "kg", "qty": 0.2 }
  },
  {
    "title": "Rød og Grønn salatmiks",
    "subtitle": "Vasket, Spania, 150 g",
    "category": {
      "sub": "Ferdigkuttet frukt og grønt",
      "parent": "Alle kategorier"
    },
    "price": { "price": 42.5, "unitPrice": 283.33, "unit": "kg", "qty": 0.15 }
  },
  {
    "title": "Stor Agurk",
    "subtitle": "Norsk, 1 stk",
    "category": { "sub": "Grønnsaker", "parent": "Alle kategorier" },
    "price": { "price": 28.8, "unitPrice": 28.8, "unit": "stk", "qty": 1 }
  },
  {
    "title": "Miniagurk",
    "subtitle": "Beger, Holland, 150 g",
    "category": { "sub": "Grønnsaker", "parent": "Alle kategorier" },
    "price": { "price": 35.2, "unitPrice": 234.67, "unit": "kg", "qty": 0.15 }
  },
  {
    "title": "Liten Agurk",
    "subtitle": "Vår Laveste Pris, Norge/Holland, 1 stk",
    "category": { "sub": "Grønnsaker", "parent": "Alle kategorier" },
    "price": { "price": 16.9, "unitPrice": 16.9, "unit": "stk", "qty": 1 }
  },
  {
    "title": "Tomater, Piccolo",
    "subtitle": "Norge, 200 g",
    "category": { "sub": "Grønnsaker", "parent": "Alle kategorier" },
    "price": { "price": 49.5, "unitPrice": 247.5, "unit": "kg", "qty": 0.2 }
  },
  {
    "title": "Mini Plommetomat i Beger",
    "subtitle": "Norge, 175 g",
    "category": { "sub": "Grønnsaker", "parent": "Alle kategorier" },
    "price": { "price": 32.6, "unitPrice": 186.29, "unit": "kg", "qty": 0.17 }
  },
  {
    "title": "Cherrytomater, klase",
    "subtitle": "Holland, 400 g",
    "category": { "sub": "Grønnsaker", "parent": "Alle kategorier" },
    "price": { "price": 46.9, "unitPrice": 117.25, "unit": "kg", "qty": 0.4 }
  },
  {
    "title": "Ekstra Søte Honningtomater",
    "subtitle": "Holland, 180 g",
    "category": { "sub": "Grønnsaker", "parent": "Alle kategorier" },
    "price": { "price": 69.9, "unitPrice": 388.33, "unit": "kg", "qty": 0.18 }
  },
  {
    "title": "Plommetomat",
    "subtitle": "Holland, 500 g",
    "category": { "sub": "Grønnsaker", "parent": "Alle kategorier" },
    "price": { "price": 54, "unitPrice": 108, "unit": "kg", "qty": 0.5 }
  },
  {
    "title": "Økologiske Cherrytomater",
    "subtitle": "Spania, 200 g",
    "category": { "sub": "Grønnsaker", "parent": "Alle kategorier" },
    "price": { "price": 32.4, "unitPrice": 162, "unit": "kg", "qty": 0.2 }
  },
  {
    "title": "Økologiske Klasetomater",
    "subtitle": "Spania, 500 g",
    "category": { "sub": "Grønnsaker", "parent": "Alle kategorier" },
    "price": { "price": 58.9, "unitPrice": 117.8, "unit": "kg", "qty": 0.5 }
  },
  {
    "title": "San Marzano Klasetomater",
    "subtitle": "Holland, 250 g",
    "category": { "sub": "Grønnsaker", "parent": "Alle kategorier" },
    "price": { "price": 39.9, "unitPrice": 159.6, "unit": "kg", "qty": 0.25 }
  },
  {
    "title": "Tomater i klase",
    "subtitle": "Holland, 500 g",
    "category": { "sub": "Grønnsaker", "parent": "Alle kategorier" },
    "price": { "price": 22.8, "unitPrice": 45.6, "unit": "kg", "qty": 0.5 }
  },
  {
    "title": "Cherrytomater, Røde",
    "subtitle": "Norge/Spania, 250 g",
    "category": { "sub": "Grønnsaker", "parent": "Alle kategorier" },
    "price": { "price": 17.8, "unitPrice": 71.2, "unit": "kg", "qty": 0.25 }
  },
  {
    "title": "Tomat, Økologisk, 2/3 pk",
    "subtitle": "Holland/Spania, 225 g",
    "category": { "sub": "Grønnsaker", "parent": "Alle kategorier" },
    "price": { "price": 35.8, "unitPrice": 159.11, "unit": "kg", "qty": 0.23 }
  },
  {
    "title": "Tomatmiks",
    "subtitle": "Spania, 500 g",
    "category": { "sub": "Grønnsaker", "parent": "Alle kategorier" },
    "price": { "price": 36.9, "unitPrice": 73.8, "unit": "kg", "qty": 0.5 }
  },
  {
    "title": "Cherrytomater, Gule",
    "subtitle": "Spania, 250 g",
    "category": { "sub": "Grønnsaker", "parent": "Alle kategorier" },
    "price": { "price": 52.9, "unitPrice": 211.6, "unit": "kg", "qty": 0.25 }
  },
  {
    "title": "Tomater",
    "subtitle": "Vår Laveste Pris, Marokko, 500 g",
    "category": { "sub": "Grønnsaker", "parent": "Alle kategorier" },
    "price": { "price": 15, "unitPrice": 30, "unit": "kg", "qty": 0.5 }
  },
  {
    "title": "Avokado Stor Spisemoden",
    "subtitle": "Peru/Spania, 1 stk",
    "category": { "sub": "Grønnsaker", "parent": "Alle kategorier" },
    "price": { "price": 36.9, "unitPrice": 97.11, "unit": "kg", "qty": 0.38 }
  },
  {
    "title": "Avokado Snart Moden",
    "subtitle": "ca 7 stk, Colombia/ Mexico",
    "category": { "sub": "Grønnsaker", "parent": "Alle kategorier" },
    "price": { "price": 79.9, "unitPrice": 79.9, "unit": "kg", "qty": 1 }
  },
  {
    "title": "Avokado Spisemoden",
    "subtitle": "Colombia/Sør-Afrika/ Mexico, 2 stk",
    "category": { "sub": "Grønnsaker", "parent": "Alle kategorier" },
    "price": { "price": 24.9, "unitPrice": 83, "unit": "kg", "qty": 0.3 }
  },
  {
    "title": "Økologisk Avokado",
    "subtitle": "Mexico, 2 stk",
    "category": { "sub": "Grønnsaker", "parent": "Alle kategorier" },
    "price": { "price": 47.2, "unitPrice": 181.54, "unit": "kg", "qty": 0.26 }
  },
  {
    "title": "Gulrøtter vasket",
    "subtitle": "Norge, 1 kg",
    "category": { "sub": "Grønnsaker", "parent": "Alle kategorier" },
    "price": { "price": 35.9, "unitPrice": 35.9, "unit": "kg", "qty": 1 }
  },
  {
    "title": "Knaskerøtter",
    "subtitle": "Portugal, 165 g",
    "category": { "sub": "Grønnsaker", "parent": "Alle kategorier" },
    "price": { "price": 21.7, "unitPrice": 131.52, "unit": "kg", "qty": 0.16 }
  },
  {
    "title": "Økologiske Gulrøtter",
    "subtitle": "Norge, 750 g",
    "category": { "sub": "Grønnsaker", "parent": "Alle kategorier" },
    "price": { "price": 33.4, "unitPrice": 44.53, "unit": "kg", "qty": 0.75 }
  },
  {
    "title": "Minigulrot",
    "subtitle": "Pose, Norge, 150 g",
    "category": { "sub": "Grønnsaker", "parent": "Alle kategorier" },
    "price": { "price": 24.5, "unitPrice": 163.33, "unit": "kg", "qty": 0.15 }
  },
  {
    "title": "Gulrot i Staver",
    "subtitle": "Norge, 180 g",
    "category": { "sub": "Grønnsaker", "parent": "Alle kategorier" },
    "price": { "price": 24.3, "unitPrice": 135, "unit": "kg", "qty": 0.18 }
  },
  {
    "title": "Hvitløk",
    "subtitle": "2-3pk, Kina, 100 g",
    "category": { "sub": "Grønnsaker", "parent": "Alle kategorier" },
    "price": { "price": 15, "unitPrice": 150, "unit": "kg", "qty": 0.1 }
  },
  {
    "title": "Kinesisk Hvitløk u/Fedd",
    "subtitle": "hele, Kina, 100 g",
    "category": { "sub": "Grønnsaker", "parent": "Alle kategorier" },
    "price": { "price": 19.8, "unitPrice": 198, "unit": "kg", "qty": 0.1 }
  },
  {
    "title": "Økologisk Hvitløk",
    "subtitle": "Spania, 3 stk",
    "category": { "sub": "Grønnsaker", "parent": "Alle kategorier" },
    "price": { "price": 30.4, "unitPrice": 202.67, "unit": "kg", "qty": 0.15 }
  },
  {
    "title": "Aromasopp",
    "subtitle": "Polen, 250 g",
    "category": { "sub": "Grønnsaker", "parent": "Alle kategorier" },
    "price": { "price": 29.3, "unitPrice": 117.2, "unit": "kg", "qty": 0.25 }
  },
  {
    "title": "Brokkoli",
    "subtitle": "Spania, 1 stk",
    "category": { "sub": "Grønnsaker", "parent": "Alle kategorier" },
    "price": { "price": 12.9, "unitPrice": 12.9, "unit": "stk", "qty": 1 }
  },
  {
    "title": "Brokkoli",
    "subtitle": "Økologisk, Spania, 1 stk",
    "category": { "sub": "Grønnsaker", "parent": "Alle kategorier" },
    "price": { "price": 35.5, "unitPrice": 35.5, "unit": "stk", "qty": 1 }
  },
  {
    "title": "Brokkolini",
    "subtitle": "Kenya, 200 g",
    "category": { "sub": "Grønnsaker", "parent": "Alle kategorier" },
    "price": { "price": 48, "unitPrice": 240, "unit": "kg", "qty": 0.2 }
  },
  {
    "title": "Brokkolini Topper",
    "subtitle": "Kenya/ Spania, 150 g",
    "category": { "sub": "Grønnsaker", "parent": "Alle kategorier" },
    "price": { "price": 46.5, "unitPrice": 310, "unit": "kg", "qty": 0.15 }
  },
  {
    "title": "Blomkål",
    "subtitle": "Spania, 1 stk",
    "category": { "sub": "Grønnsaker", "parent": "Alle kategorier" },
    "price": { "price": 16.9, "unitPrice": 16.9, "unit": "stk", "qty": 1 }
  },
  {
    "title": "Økologisk Blomkål",
    "subtitle": "Spania, 1 stk",
    "category": { "sub": "Grønnsaker", "parent": "Alle kategorier" },
    "price": { "price": 44.9, "unitPrice": 44.9, "unit": "stk", "qty": 1 }
  },
  {
    "title": "Vårløk i Bunt",
    "subtitle": "Marokko, 150 g",
    "category": { "sub": "Grønnsaker", "parent": "Alle kategorier" },
    "price": { "price": 28.8, "unitPrice": 192, "unit": "kg", "qty": 0.15 }
  },
  {
    "title": "Purreløk",
    "subtitle": "Norge, 1 stk",
    "category": { "sub": "Grønnsaker", "parent": "Alle kategorier" },
    "price": { "price": 14.9, "unitPrice": 46.56, "unit": "kg", "qty": 0.32 }
  },
  {
    "title": "Sjalottløk",
    "subtitle": "I nett, Frankrike, 250 g",
    "category": { "sub": "Grønnsaker", "parent": "Alle kategorier" },
    "price": { "price": 22.7, "unitPrice": 90.8, "unit": "kg", "qty": 0.25 }
  },
  {
    "title": "Økologisk Rødløk",
    "subtitle": "Nederland, 500 g",
    "category": { "sub": "Grønnsaker", "parent": "Alle kategorier" },
    "price": { "price": 35.5, "unitPrice": 71, "unit": "kg", "qty": 0.5 }
  },
  {
    "title": "Rødløk Skivet",
    "subtitle": "Norge, 250 g",
    "category": { "sub": "Grønnsaker", "parent": "Alle kategorier" },
    "price": { "price": 22.9, "unitPrice": 91.6, "unit": "kg", "qty": 0.25 }
  },
  {
    "title": "Rødløk Strømpe",
    "subtitle": "2 stk Norge, 375 g",
    "category": { "sub": "Grønnsaker", "parent": "Alle kategorier" },
    "price": { "price": 19.4, "unitPrice": 51.73, "unit": "kg", "qty": 0.38 }
  },
  {
    "title": "Gul Løk",
    "subtitle": "2 stk, Norge, 500 g",
    "category": { "sub": "Grønnsaker", "parent": "Alle kategorier" },
    "price": { "price": 16.7, "unitPrice": 33.4, "unit": "kg", "qty": 0.5 }
  },
  {
    "title": "Økologisk Gul Løk",
    "subtitle": "Nederland, 500 g",
    "category": { "sub": "Grønnsaker", "parent": "Alle kategorier" },
    "price": { "price": 25.3, "unitPrice": 50.6, "unit": "kg", "qty": 0.5 }
  },
  {
    "title": "Gul Løk Laveste Pris",
    "subtitle": "Norge, 1 kg",
    "category": { "sub": "Grønnsaker", "parent": "Alle kategorier" },
    "price": { "price": 19, "unitPrice": 19, "unit": "kg", "qty": 1 }
  },
  {
    "title": "Gul Løk",
    "subtitle": "Norge, 4 stk",
    "category": { "sub": "Grønnsaker", "parent": "Alle kategorier" },
    "price": { "price": 19.3, "unitPrice": 30.63, "unit": "kg", "qty": 0.63 }
  },
  {
    "title": "Squash Grønn",
    "subtitle": "Holland, 1 stk",
    "category": { "sub": "Grønnsaker", "parent": "Alle kategorier" },
    "price": { "price": 31.8, "unitPrice": 99.38, "unit": "kg", "qty": 0.32 }
  },
  {
    "title": "Økologisk Squash",
    "subtitle": "Spania, 1 stk",
    "category": { "sub": "Grønnsaker", "parent": "Alle kategorier" },
    "price": { "price": 32.8, "unitPrice": 182.22, "unit": "kg", "qty": 0.18 }
  },
  {
    "title": "Aubergine",
    "subtitle": "Nederland, 1 stk",
    "category": { "sub": "Grønnsaker", "parent": "Alle kategorier" },
    "price": { "price": 26.4, "unitPrice": 120, "unit": "kg", "qty": 0.22 }
  },
  {
    "title": "Champignon",
    "subtitle": "Kurv, Polen, 250 g",
    "category": { "sub": "Grønnsaker", "parent": "Alle kategorier" },
    "price": { "price": 10, "unitPrice": 40, "unit": "kg", "qty": 0.25 }
  },
  {
    "title": "Aspargestopper",
    "subtitle": "Peru, 100 g",
    "category": { "sub": "Grønnsaker", "parent": "Alle kategorier" },
    "price": { "price": 54.4, "unitPrice": 544, "unit": "kg", "qty": 0.1 }
  },
  {
    "title": "Asparges i Bunt",
    "subtitle": "Peru, 250 g",
    "category": { "sub": "Grønnsaker", "parent": "Alle kategorier" },
    "price": { "price": 43.1, "unitPrice": 172.4, "unit": "kg", "qty": 0.25 }
  },
  {
    "title": "Sukkererter",
    "subtitle": "Zimbabwe, 150 g",
    "category": { "sub": "Grønnsaker", "parent": "Alle kategorier" },
    "price": { "price": 12.6, "unitPrice": 84, "unit": "kg", "qty": 0.15 }
  },
  {
    "title": "Aspargesbønner",
    "subtitle": "Kenya, 150 g",
    "category": { "sub": "Grønnsaker", "parent": "Alle kategorier" },
    "price": { "price": 36.3, "unitPrice": 242, "unit": "kg", "qty": 0.15 }
  },
  {
    "title": "Ingefær",
    "subtitle": "Kina, 500 g",
    "category": { "sub": "Grønnsaker", "parent": "Alle kategorier" },
    "price": { "price": 48.8, "unitPrice": 97.6, "unit": "kg", "qty": 0.5 }
  },
  {
    "title": "Ingefær",
    "subtitle": "Kina, 100 g",
    "category": { "sub": "Grønnsaker", "parent": "Alle kategorier" },
    "price": { "price": 10.4, "unitPrice": 104, "unit": "kg", "qty": 0.1 }
  },
  {
    "title": "Rød mini Paprika, Ekstra Søte",
    "subtitle": "Holland/Norge, 150 g",
    "category": { "sub": "Grønnsaker", "parent": "Alle kategorier" },
    "price": { "price": 32.6, "unitPrice": 217.33, "unit": "kg", "qty": 0.15 }
  },
  {
    "title": "Orange mini Paprika, ekstra søte",
    "subtitle": "Holland/Norge, 150 g",
    "category": { "sub": "Grønnsaker", "parent": "Alle kategorier" },
    "price": { "price": 32.6, "unitPrice": 217.33, "unit": "kg", "qty": 0.15 }
  },
  {
    "title": "Grønn Paprika",
    "subtitle": "Spania, 2 stk",
    "category": { "sub": "Grønnsaker", "parent": "Alle kategorier" },
    "price": { "price": 34.3, "unitPrice": 65.96, "unit": "kg", "qty": 0.52 }
  },
  {
    "title": "Gul Paprika",
    "subtitle": "Spania, 2 stk",
    "category": { "sub": "Grønnsaker", "parent": "Alle kategorier" },
    "price": { "price": 34.3, "unitPrice": 65.96, "unit": "kg", "qty": 0.52 }
  },
  {
    "title": "Økologisk Rød Paprika",
    "subtitle": "Spania, 1 stk",
    "category": { "sub": "Grønnsaker", "parent": "Alle kategorier" },
    "price": { "price": 27.3, "unitPrice": 218.4, "unit": "kg", "qty": 0.13 }
  },
  {
    "title": "Paprika Rød",
    "subtitle": "Spania, 2 stk",
    "category": { "sub": "Grønnsaker", "parent": "Alle kategorier" },
    "price": { "price": 26.6, "unitPrice": 53.2, "unit": "kg", "qty": 0.5 }
  },
  {
    "title": "Paprika Mix 3 pk Gul, Grønn & Rød",
    "subtitle": "Spania, 400 g",
    "category": { "sub": "Grønnsaker", "parent": "Alle kategorier" },
    "price": { "price": 54.4, "unitPrice": 136, "unit": "kg", "qty": 0.4 }
  },
  {
    "title": "Spisspaprika Rød",
    "subtitle": "2 stk, Spania, 210 g",
    "category": { "sub": "Grønnsaker", "parent": "Alle kategorier" },
    "price": { "price": 19.9, "unitPrice": 94.76, "unit": "kg", "qty": 0.21 }
  },
  {
    "title": "Rød Paprika Skivet",
    "subtitle": "Spania, 500 g",
    "category": { "sub": "Grønnsaker", "parent": "Alle kategorier" },
    "price": { "price": 65.3, "unitPrice": 130.6, "unit": "kg", "qty": 0.5 }
  },
  {
    "title": "Chilipepper Rød",
    "subtitle": "Spania, 50 g",
    "category": { "sub": "Grønnsaker", "parent": "Alle kategorier" },
    "price": { "price": 18.8, "unitPrice": 376, "unit": "kg", "qty": 0.05 }
  },
  {
    "title": "Chilipepper Grønn",
    "subtitle": "Spania, 50 g",
    "category": { "sub": "Grønnsaker", "parent": "Alle kategorier" },
    "price": { "price": 22.8, "unitPrice": 456, "unit": "kg", "qty": 0.05 }
  },
  {
    "title": "Habanero Rød",
    "subtitle": "Kenya, 50 g",
    "category": { "sub": "Grønnsaker", "parent": "Alle kategorier" },
    "price": { "price": 24.8, "unitPrice": 496, "unit": "kg", "qty": 0.05 }
  },
  {
    "title": "Jalapeño Grønn",
    "subtitle": "Spania, 50 g",
    "category": { "sub": "Grønnsaker", "parent": "Alle kategorier" },
    "price": { "price": 26.2, "unitPrice": 524, "unit": "kg", "qty": 0.05 }
  },
  {
    "title": "Stangselleri",
    "subtitle": "Spania, 1 stk",
    "category": { "sub": "Grønnsaker", "parent": "Alle kategorier" },
    "price": { "price": 20.1, "unitPrice": 20.1, "unit": "stk", "qty": 1 }
  },
  {
    "title": "Økologisk Stangselleri",
    "subtitle": "Spania, 1 stk",
    "category": { "sub": "Grønnsaker", "parent": "Alle kategorier" },
    "price": { "price": 34.8, "unitPrice": 34.8, "unit": "stk", "qty": 1 }
  },
  {
    "title": "Sellerirot",
    "subtitle": "1 stk Norge, 500 g",
    "category": { "sub": "Grønnsaker", "parent": "Alle kategorier" },
    "price": { "price": 33.2, "unitPrice": 66.4, "unit": "kg", "qty": 0.5 }
  },
  {
    "title": "Økologisk Avokado",
    "subtitle": "Mexico, 2 stk",
    "category": {
      "sub": "Økologisk frukt og grønt",
      "parent": "Alle kategorier"
    },
    "price": { "price": 47.2, "unitPrice": 181.54, "unit": "kg", "qty": 0.26 }
  },
  {
    "title": "Økologiske Cherrytomater",
    "subtitle": "Spania, 200 g",
    "category": {
      "sub": "Økologisk frukt og grønt",
      "parent": "Alle kategorier"
    },
    "price": { "price": 32.4, "unitPrice": 162, "unit": "kg", "qty": 0.2 }
  },
  {
    "title": "Tomat, Økologisk, 2/3 pk",
    "subtitle": "Holland/Spania, 225 g",
    "category": {
      "sub": "Økologisk frukt og grønt",
      "parent": "Alle kategorier"
    },
    "price": { "price": 35.8, "unitPrice": 159.11, "unit": "kg", "qty": 0.23 }
  },
  {
    "title": "Økologiske Klasetomater",
    "subtitle": "Spania, 500 g",
    "category": {
      "sub": "Økologisk frukt og grønt",
      "parent": "Alle kategorier"
    },
    "price": { "price": 58.9, "unitPrice": 117.8, "unit": "kg", "qty": 0.5 }
  },
  {
    "title": "Brokkoli",
    "subtitle": "Økologisk, Spania, 1 stk",
    "category": {
      "sub": "Økologisk frukt og grønt",
      "parent": "Alle kategorier"
    },
    "price": { "price": 35.5, "unitPrice": 35.5, "unit": "stk", "qty": 1 }
  },
  {
    "title": "Økologiske Gulrøtter",
    "subtitle": "Norge, 750 g",
    "category": {
      "sub": "Økologisk frukt og grønt",
      "parent": "Alle kategorier"
    },
    "price": { "price": 33.4, "unitPrice": 44.53, "unit": "kg", "qty": 0.75 }
  },
  {
    "title": "Økologisk Blomkål",
    "subtitle": "Spania, 1 stk",
    "category": {
      "sub": "Økologisk frukt og grønt",
      "parent": "Alle kategorier"
    },
    "price": { "price": 44.9, "unitPrice": 44.9, "unit": "stk", "qty": 1 }
  },
  {
    "title": "Økologisk Hodekål",
    "subtitle": "Norge, 600 g",
    "category": {
      "sub": "Økologisk frukt og grønt",
      "parent": "Alle kategorier"
    },
    "price": { "price": 42.5, "unitPrice": 70.83, "unit": "kg", "qty": 0.6 }
  },
  {
    "title": "Kålrot",
    "subtitle": "Økologisk, Norge, 1 stk",
    "category": {
      "sub": "Økologisk frukt og grønt",
      "parent": "Alle kategorier"
    },
    "price": { "price": 35.5, "unitPrice": 37.37, "unit": "kg", "qty": 0.95 }
  },
  {
    "title": "Økologisk Agurk",
    "subtitle": "Spania, 1 stk",
    "category": {
      "sub": "Økologisk frukt og grønt",
      "parent": "Alle kategorier"
    },
    "price": { "price": 25.8, "unitPrice": 25.8, "unit": "stk", "qty": 1 }
  },
  {
    "title": "Økologisk Rød Paprika",
    "subtitle": "Spania, 1 stk",
    "category": {
      "sub": "Økologisk frukt og grønt",
      "parent": "Alle kategorier"
    },
    "price": { "price": 27.3, "unitPrice": 218.4, "unit": "kg", "qty": 0.13 }
  },
  {
    "title": "Økologiske Bananer",
    "subtitle": "Max Havelaar, Ecuador, 4 stk",
    "category": {
      "sub": "Økologisk frukt og grønt",
      "parent": "Alle kategorier"
    },
    "price": { "price": 26.2, "unitPrice": 30.11, "unit": "kg", "qty": 0.87 }
  },
  {
    "title": "Økologisk Kiwi, 4-5 stk",
    "subtitle": "Italia, ca. 500 g",
    "category": {
      "sub": "Økologisk frukt og grønt",
      "parent": "Alle kategorier"
    },
    "price": { "price": 43.5, "unitPrice": 87, "unit": "kg", "qty": 0.5 }
  },
  {
    "title": "Økologisk Lime 2/3 stk",
    "subtitle": "Brasil, 250 g",
    "category": {
      "sub": "Økologisk frukt og grønt",
      "parent": "Alle kategorier"
    },
    "price": { "price": 49.1, "unitPrice": 169.31, "unit": "kg", "qty": 0.29 }
  },
  {
    "title": "Økologiske Sitroner",
    "subtitle": "Spania, 2 stk",
    "category": {
      "sub": "Økologisk frukt og grønt",
      "parent": "Alle kategorier"
    },
    "price": { "price": 35.8, "unitPrice": 162.73, "unit": "kg", "qty": 0.22 }
  },
  {
    "title": "Økologisk Ananas",
    "subtitle": "Elfenbenkysten, 1 stk",
    "category": {
      "sub": "Økologisk frukt og grønt",
      "parent": "Alle kategorier"
    },
    "price": { "price": 54.9, "unitPrice": 39.21, "unit": "kg", "qty": 1.4 }
  },
  {
    "title": "Økologiske Appelsiner",
    "subtitle": "Spania, 1 kg",
    "category": {
      "sub": "Økologisk frukt og grønt",
      "parent": "Alle kategorier"
    },
    "price": { "price": 47.8, "unitPrice": 47.8, "unit": "kg", "qty": 1 }
  },
  {
    "title": "Økologiske Klementiner",
    "subtitle": "Spania, 500 g",
    "category": {
      "sub": "Økologisk frukt og grønt",
      "parent": "Alle kategorier"
    },
    "price": { "price": 41.9, "unitPrice": 83.8, "unit": "kg", "qty": 0.5 }
  },
  {
    "title": "Røde Epler Gala 2-3 stk",
    "subtitle": "Økologisk, Italia, 500 g",
    "category": {
      "sub": "Økologisk frukt og grønt",
      "parent": "Alle kategorier"
    },
    "price": { "price": 36, "unitPrice": 72, "unit": "kg", "qty": 0.5 }
  },
  {
    "title": "Økologiske Pærer, Conference",
    "subtitle": "3-4 stk Frankrike, 500 g",
    "category": {
      "sub": "Økologisk frukt og grønt",
      "parent": "Alle kategorier"
    },
    "price": { "price": 47.4, "unitPrice": 94.8, "unit": "kg", "qty": 0.5 }
  },
  {
    "title": "Økologiske Poteter Uvasket",
    "subtitle": "Solist/Hassel/Folva, Norge, 1,5 kg",
    "category": {
      "sub": "Økologisk frukt og grønt",
      "parent": "Alle kategorier"
    },
    "price": { "price": 59.6, "unitPrice": 39.73, "unit": "kg", "qty": 1.5 }
  },
  {
    "title": "Økologisk Søtpotet",
    "subtitle": "Portugal, ca. 500 g",
    "category": {
      "sub": "Økologisk frukt og grønt",
      "parent": "Alle kategorier"
    },
    "price": { "price": 65.3, "unitPrice": 130.6, "unit": "kg", "qty": 0.5 }
  },
  {
    "title": "Økologisk Hvitløk",
    "subtitle": "Spania, 3 stk",
    "category": {
      "sub": "Økologisk frukt og grønt",
      "parent": "Alle kategorier"
    },
    "price": { "price": 30.4, "unitPrice": 202.67, "unit": "kg", "qty": 0.15 }
  },
  {
    "title": "Økologisk Gul Løk",
    "subtitle": "Nederland, 500 g",
    "category": {
      "sub": "Økologisk frukt og grønt",
      "parent": "Alle kategorier"
    },
    "price": { "price": 25.3, "unitPrice": 50.6, "unit": "kg", "qty": 0.5 }
  },
  {
    "title": "Økologisk Rødløk",
    "subtitle": "Nederland, 500 g",
    "category": {
      "sub": "Økologisk frukt og grønt",
      "parent": "Alle kategorier"
    },
    "price": { "price": 35.5, "unitPrice": 71, "unit": "kg", "qty": 0.5 }
  },
  {
    "title": "Økologisk Squash",
    "subtitle": "Spania, 1 stk",
    "category": {
      "sub": "Økologisk frukt og grønt",
      "parent": "Alle kategorier"
    },
    "price": { "price": 32.8, "unitPrice": 182.22, "unit": "kg", "qty": 0.18 }
  },
  {
    "title": "Økologisk Stangselleri",
    "subtitle": "Spania, 1 stk",
    "category": {
      "sub": "Økologisk frukt og grønt",
      "parent": "Alle kategorier"
    },
    "price": { "price": 34.8, "unitPrice": 34.8, "unit": "stk", "qty": 1 }
  },
  {
    "title": "Økologisk Babyleaf Miks",
    "subtitle": "Italia, 1 stk",
    "category": {
      "sub": "Økologisk frukt og grønt",
      "parent": "Alle kategorier"
    },
    "price": { "price": 43.5, "unitPrice": 580, "unit": "kg", "qty": 0.07 }
  },
  {
    "title": "Økologiske Soltørkede Tomater",
    "subtitle": "100 g",
    "category": {
      "sub": "Økologisk frukt og grønt",
      "parent": "Alle kategorier"
    },
    "price": { "price": 38.2, "unitPrice": 382, "unit": "kg", "qty": 0.1 }
  },
  {
    "title": "Økologisk Ingefær",
    "subtitle": "Peru, 100 g",
    "category": {
      "sub": "Økologisk frukt og grønt",
      "parent": "Alle kategorier"
    },
    "price": { "price": 21.7, "unitPrice": 217, "unit": "kg", "qty": 0.1 }
  },
  {
    "title": "Økologisk Isbergsalat",
    "subtitle": "Italia, 1 stk",
    "category": {
      "sub": "Økologisk frukt og grønt",
      "parent": "Alle kategorier"
    },
    "price": { "price": 36.7, "unitPrice": 36.7, "unit": "stk", "qty": 1 }
  },
  {
    "title": "Søtpotet i Beger",
    "subtitle": "Spania, 500 g",
    "category": { "sub": "Poteter", "parent": "Alle kategorier" },
    "price": { "price": 23.5, "unitPrice": 47, "unit": "kg", "qty": 0.5 }
  },
  {
    "title": "Norske poteter",
    "subtitle": "Solist/ Folva/ Fakse, 2,5 kg",
    "category": { "sub": "Poteter", "parent": "Alle kategorier" },
    "price": { "price": 54.4, "unitPrice": 21.76, "unit": "kg", "qty": 2.5 }
  },
  {
    "title": "Økologisk Søtpotet",
    "subtitle": "Portugal, ca. 500 g",
    "category": { "sub": "Poteter", "parent": "Alle kategorier" },
    "price": { "price": 65.3, "unitPrice": 130.6, "unit": "kg", "qty": 0.5 }
  },
  {
    "title": "Juno/Nansen",
    "subtitle": "Norge, 1 kg",
    "category": { "sub": "Poteter", "parent": "Alle kategorier" },
    "price": { "price": 31.9, "unitPrice": 31.9, "unit": "kg", "qty": 1 }
  },
  {
    "title": "Juno/Nansen/ Asterix",
    "subtitle": "Norge, 2,5 kg",
    "category": { "sub": "Poteter", "parent": "Alle kategorier" },
    "price": { "price": 54.2, "unitPrice": 21.68, "unit": "kg", "qty": 2.5 }
  },
  {
    "title": "Mandelpoteter",
    "subtitle": "Norge, 2 kg",
    "category": { "sub": "Poteter", "parent": "Alle kategorier" },
    "price": { "price": 44.8, "unitPrice": 22.4, "unit": "kg", "qty": 2 }
  },
  {
    "title": "Franske Gourmetpoteter",
    "subtitle": "Jazzy, Frankrike, 2,5 kg",
    "category": { "sub": "Poteter", "parent": "Alle kategorier" },
    "price": { "price": 76.4, "unitPrice": 30.56, "unit": "kg", "qty": 2.5 }
  },
  {
    "title": "Potet Amandine",
    "subtitle": "Frankrike, 1,5 kg",
    "category": { "sub": "Poteter", "parent": "Alle kategorier" },
    "price": { "price": 46.9, "unitPrice": 31.27, "unit": "kg", "qty": 1.5 }
  },
  {
    "title": "Økologiske Poteter Uvasket",
    "subtitle": "Solist/Hassel/Folva, Norge, 1,5 kg",
    "category": { "sub": "Poteter", "parent": "Alle kategorier" },
    "price": { "price": 59.6, "unitPrice": 39.73, "unit": "kg", "qty": 1.5 }
  },
  {
    "title": "Poteter uten Skall, Ferdig Kokt",
    "subtitle": "Danmark, 3 kg",
    "category": { "sub": "Poteter", "parent": "Alle kategorier" },
    "price": { "price": 111.3, "unitPrice": 37.1, "unit": "kg", "qty": 3 }
  },
  {
    "title": "Bakepotet",
    "subtitle": "Colomba, Frankrike, 1 stk",
    "category": { "sub": "Poteter", "parent": "Alle kategorier" },
    "price": { "price": 14.9, "unitPrice": 39.73, "unit": "kg", "qty": 0.38 }
  },
  {
    "title": "Poteter, Usorterte",
    "subtitle": "Vår laveste pris, Norge, 2,5 kg",
    "category": { "sub": "Poteter", "parent": "Alle kategorier" },
    "price": { "price": 31.5, "unitPrice": 12.6, "unit": "kg", "qty": 2.5 }
  },
  {
    "title": "Blå Kongo Delikatessepoteter",
    "subtitle": "Frankrike, 500 g",
    "category": { "sub": "Poteter", "parent": "Alle kategorier" },
    "price": { "price": 38.2, "unitPrice": 76.4, "unit": "kg", "qty": 0.5 }
  },
  {
    "title": "Ferdigkokte Mandelpoteter",
    "subtitle": "Norge, 600 g",
    "category": { "sub": "Poteter", "parent": "Alle kategorier" },
    "price": { "price": 39.9, "unitPrice": 66.5, "unit": "kg", "qty": 0.6 }
  },
  {
    "title": "Rattepoteter Petit",
    "subtitle": "Frankrike, 1 kg",
    "category": { "sub": "Poteter", "parent": "Alle kategorier" },
    "price": { "price": 54.4, "unitPrice": 54.4, "unit": "kg", "qty": 1 }
  },
  {
    "title": "Norske poteter",
    "subtitle": "Solist/ Folva/ Fakse, 1 kg",
    "category": { "sub": "Poteter", "parent": "Alle kategorier" },
    "price": { "price": 32.9, "unitPrice": 32.9, "unit": "kg", "qty": 1 }
  },
  {
    "title": "Små Mandelpoteter",
    "subtitle": "Mandeline, 700 g",
    "category": { "sub": "Poteter", "parent": "Alle kategorier" },
    "price": { "price": 29.9, "unitPrice": 42.71, "unit": "kg", "qty": 0.7 }
  },
  {
    "title": "Fersk Basilikum",
    "subtitle": "i Pose, Etiopia/ Kenya, 20 g",
    "category": { "sub": "Urter og spirer", "parent": "Alle kategorier" },
    "price": { "price": 24.9, "unitPrice": 1245, "unit": "kg", "qty": 0.02 }
  },
  {
    "title": "Fersk Koriander",
    "subtitle": "i Pose, Etiopia/ Spania, 20 g",
    "category": { "sub": "Urter og spirer", "parent": "Alle kategorier" },
    "price": { "price": 28.2, "unitPrice": 1410, "unit": "kg", "qty": 0.02 }
  },
  {
    "title": "Fersk Kruspersille",
    "subtitle": "i Beger/pose, Etiopia/ Norsk, 20 g",
    "category": { "sub": "Urter og spirer", "parent": "Alle kategorier" },
    "price": { "price": 28.2, "unitPrice": 1410, "unit": "kg", "qty": 0.02 }
  },
  {
    "title": "Fersk Gressløk",
    "subtitle": "i Pose, Etiopia, 20 g",
    "category": { "sub": "Urter og spirer", "parent": "Alle kategorier" },
    "price": { "price": 19.6, "unitPrice": 980, "unit": "kg", "qty": 0.02 }
  },
  {
    "title": "Fersk Bladpersille",
    "subtitle": "i Pose, Etiopia, 20 g",
    "category": { "sub": "Urter og spirer", "parent": "Alle kategorier" },
    "price": { "price": 29.8, "unitPrice": 1490, "unit": "kg", "qty": 0.02 }
  },
  {
    "title": "Fersk Kjørvel",
    "subtitle": "i Pose, Etiopia, 20 g",
    "category": { "sub": "Urter og spirer", "parent": "Alle kategorier" },
    "price": { "price": 28.2, "unitPrice": 1410, "unit": "kg", "qty": 0.02 }
  },
  {
    "title": "Fersk Dill",
    "subtitle": "i Pose, Etiopia, 20 g",
    "category": { "sub": "Urter og spirer", "parent": "Alle kategorier" },
    "price": { "price": 28.2, "unitPrice": 1410, "unit": "kg", "qty": 0.02 }
  },
  {
    "title": "Fersk Mynte",
    "subtitle": "i Pose, Etiopia, 20 g",
    "category": { "sub": "Urter og spirer", "parent": "Alle kategorier" },
    "price": { "price": 28.2, "unitPrice": 1410, "unit": "kg", "qty": 0.02 }
  },
  {
    "title": "Fersk Oregano",
    "subtitle": "i Pose, Etiopia, 20 g",
    "category": { "sub": "Urter og spirer", "parent": "Alle kategorier" },
    "price": { "price": 28.2, "unitPrice": 1410, "unit": "kg", "qty": 0.02 }
  },
  {
    "title": "Fersk Rosmarin",
    "subtitle": "i Pose, Etiopia, 20 g",
    "category": { "sub": "Urter og spirer", "parent": "Alle kategorier" },
    "price": { "price": 28.2, "unitPrice": 1410, "unit": "kg", "qty": 0.02 }
  },
  {
    "title": "Fersk Salvie",
    "subtitle": "i Pose, Etiopia, 20 g",
    "category": { "sub": "Urter og spirer", "parent": "Alle kategorier" },
    "price": { "price": 28.2, "unitPrice": 1410, "unit": "kg", "qty": 0.02 }
  },
  {
    "title": "Fersk Sitronmelisse",
    "subtitle": "i Pose, Etiopia, 20 g",
    "category": { "sub": "Urter og spirer", "parent": "Alle kategorier" },
    "price": { "price": 28.2, "unitPrice": 1410, "unit": "kg", "qty": 0.02 }
  },
  {
    "title": "Fersk Timian",
    "subtitle": "i Pose, Etiopia, 20 g",
    "category": { "sub": "Urter og spirer", "parent": "Alle kategorier" },
    "price": { "price": 28.2, "unitPrice": 1410, "unit": "kg", "qty": 0.02 }
  },
  {
    "title": "Alfalfaspirer",
    "subtitle": "Norge, 100 g",
    "category": { "sub": "Urter og spirer", "parent": "Alle kategorier" },
    "price": { "price": 24.8, "unitPrice": 248, "unit": "kg", "qty": 0.1 }
  },
  {
    "title": "Bønnespirer",
    "subtitle": "Norge, 180 g",
    "category": { "sub": "Urter og spirer", "parent": "Alle kategorier" },
    "price": { "price": 19.8, "unitPrice": 110, "unit": "kg", "qty": 0.18 }
  },
  {
    "title": "Sukkerertspirer",
    "subtitle": "Norge, 50 g",
    "category": { "sub": "Urter og spirer", "parent": "Alle kategorier" },
    "price": { "price": 33.4, "unitPrice": 668, "unit": "kg", "qty": 0.05 }
  },
  {
    "title": "Fersk Estragon",
    "subtitle": "i Pose, Etiopia, 20 g",
    "category": { "sub": "Urter og spirer", "parent": "Alle kategorier" },
    "price": { "price": 28.2, "unitPrice": 1410, "unit": "kg", "qty": 0.02 }
  },
  {
    "title": "Thai Basilikum Gourmet",
    "subtitle": "Frisk i Pose, Etiopia, 20 g",
    "category": { "sub": "Urter og spirer", "parent": "Alle kategorier" },
    "price": { "price": 28.2, "unitPrice": 1410, "unit": "kg", "qty": 0.02 }
  },
  {
    "title": "Spiremix, Spicymix av Brocolli, Reddik, Kløver",
    "subtitle": "Norge, 50 g",
    "category": { "sub": "Urter og spirer", "parent": "Alle kategorier" },
    "price": { "price": 32.4, "unitPrice": 648, "unit": "kg", "qty": 0.05 }
  },
  {
    "title": "Purreløkspirer",
    "subtitle": "Norge, 50 g",
    "category": { "sub": "Urter og spirer", "parent": "Alle kategorier" },
    "price": { "price": 33.3, "unitPrice": 666, "unit": "kg", "qty": 0.05 }
  },
  {
    "title": "Spiresnacks, Mix av Bønner, Erter & Linser",
    "subtitle": "Norge, 100 g",
    "category": { "sub": "Urter og spirer", "parent": "Alle kategorier" },
    "price": { "price": 35.8, "unitPrice": 358, "unit": "kg", "qty": 0.1 }
  },
  {
    "title": "Taco spiremix -Brokolli, Kløver, Mungbønner",
    "subtitle": "Norge, 50 g",
    "category": { "sub": "Urter og spirer", "parent": "Alle kategorier" },
    "price": { "price": 30, "unitPrice": 600, "unit": "kg", "qty": 0.05 }
  },
  {
    "title": "Kløverspirer beger",
    "subtitle": "Norge, 50 g",
    "category": { "sub": "Urter og spirer", "parent": "Alle kategorier" },
    "price": { "price": 30, "unitPrice": 600, "unit": "kg", "qty": 0.05 }
  },
  {
    "title": "Brokkolispirer",
    "subtitle": "Norge, 50 g",
    "category": { "sub": "Urter og spirer", "parent": "Alle kategorier" },
    "price": { "price": 33.3, "unitPrice": 666, "unit": "kg", "qty": 0.05 }
  },
  {
    "title": "Reddikspirer",
    "subtitle": "Norge, 50 g",
    "category": { "sub": "Urter og spirer", "parent": "Alle kategorier" },
    "price": { "price": 24.8, "unitPrice": 496, "unit": "kg", "qty": 0.05 }
  },
  {
    "title": "Sesamfrø",
    "subtitle": "Økologisk, 300 g",
    "category": {
      "sub": "Frø, nøtter og tørket frukt",
      "parent": "Alle kategorier"
    },
    "price": { "price": 29.9, "unitPrice": 99.67, "unit": "kg", "qty": 0.3 }
  },
  {
    "title": "Gresskarkjerner",
    "subtitle": "Økologisk, 300 g",
    "category": {
      "sub": "Frø, nøtter og tørket frukt",
      "parent": "Alle kategorier"
    },
    "price": { "price": 36.2, "unitPrice": 36.2, "unit": "stk", "qty": 1 }
  },
  {
    "title": "Solsikkekjerner",
    "subtitle": "Økologisk, 300 g",
    "category": {
      "sub": "Frø, nøtter og tørket frukt",
      "parent": "Alle kategorier"
    },
    "price": { "price": 29.2, "unitPrice": 97.33, "unit": "kg", "qty": 0.3 }
  },
  {
    "title": "Chiafrø",
    "subtitle": "Økologisk, 350 g",
    "category": {
      "sub": "Frø, nøtter og tørket frukt",
      "parent": "Alle kategorier"
    },
    "price": { "price": 42.9, "unitPrice": 122.57, "unit": "kg", "qty": 0.35 }
  },
  {
    "title": "Linfrø",
    "subtitle": "Økologisk, 350 g",
    "category": {
      "sub": "Frø, nøtter og tørket frukt",
      "parent": "Alle kategorier"
    },
    "price": { "price": 21.3, "unitPrice": 60.86, "unit": "kg", "qty": 0.35 }
  },
  {
    "title": "Fiken",
    "subtitle": "Økologisk, 150 g",
    "category": {
      "sub": "Frø, nøtter og tørket frukt",
      "parent": "Alle kategorier"
    },
    "price": { "price": 41.6, "unitPrice": 277.33, "unit": "kg", "qty": 0.15 }
  },
  {
    "title": "Svisker",
    "subtitle": "Økologisk, 150 g",
    "category": {
      "sub": "Frø, nøtter og tørket frukt",
      "parent": "Alle kategorier"
    },
    "price": { "price": 51.8, "unitPrice": 345.33, "unit": "kg", "qty": 0.15 }
  },
  {
    "title": "Ferske dadler",
    "subtitle": "Tyrkia/ Israel, 200 g",
    "category": {
      "sub": "Frø, nøtter og tørket frukt",
      "parent": "Alle kategorier"
    },
    "price": { "price": 43.7, "unitPrice": 218.5, "unit": "kg", "qty": 0.2 }
  },
  {
    "title": "Nøtte- og Fruktmix",
    "subtitle": "60 g",
    "category": {
      "sub": "Frø, nøtter og tørket frukt",
      "parent": "Alle kategorier"
    },
    "price": { "price": 10, "unitPrice": 166.67, "unit": "kg", "qty": 0.06 }
  },
  {
    "title": "Cashewnøtter",
    "subtitle": "55 g",
    "category": {
      "sub": "Frø, nøtter og tørket frukt",
      "parent": "Alle kategorier"
    },
    "price": { "price": 13.2, "unitPrice": 240, "unit": "kg", "qty": 0.06 }
  },
  {
    "title": "Polly Ovnsristede Mandler",
    "subtitle": "Småsulten, 125 g",
    "category": {
      "sub": "Frø, nøtter og tørket frukt",
      "parent": "Alle kategorier"
    },
    "price": { "price": 44.8, "unitPrice": 358.4, "unit": "kg", "qty": 0.13 }
  },
  {
    "title": "Nøtti Frutti",
    "subtitle": "Uten Salt, 350 g",
    "category": {
      "sub": "Frø, nøtter og tørket frukt",
      "parent": "Alle kategorier"
    },
    "price": { "price": 53.4, "unitPrice": 152.57, "unit": "kg", "qty": 0.35 }
  },
  {
    "title": "Spesial Med Havsalt",
    "subtitle": "270 g",
    "category": {
      "sub": "Frø, nøtter og tørket frukt",
      "parent": "Alle kategorier"
    },
    "price": { "price": 77.8, "unitPrice": 288.15, "unit": "kg", "qty": 0.27 }
  },
  {
    "title": "Polly Peanøtter",
    "subtitle": "330 g",
    "category": {
      "sub": "Frø, nøtter og tørket frukt",
      "parent": "Alle kategorier"
    },
    "price": { "price": 31.9, "unitPrice": 96.67, "unit": "kg", "qty": 0.33 }
  },
  {
    "title": "Yoghurtnøtter",
    "subtitle": "80 g",
    "category": {
      "sub": "Frø, nøtter og tørket frukt",
      "parent": "Alle kategorier"
    },
    "price": { "price": 40.4, "unitPrice": 505, "unit": "kg", "qty": 0.08 }
  },
  {
    "title": "Cashew Mosambik",
    "subtitle": "160 g",
    "category": {
      "sub": "Frø, nøtter og tørket frukt",
      "parent": "Alle kategorier"
    },
    "price": { "price": 70.8, "unitPrice": 442.5, "unit": "kg", "qty": 0.16 }
  },
  {
    "title": "Mango Tørket",
    "subtitle": "150 g",
    "category": {
      "sub": "Frø, nøtter og tørket frukt",
      "parent": "Alle kategorier"
    },
    "price": { "price": 56.8, "unitPrice": 378.67, "unit": "kg", "qty": 0.15 }
  },
  {
    "title": "Aprikos Tørket",
    "subtitle": "190 g",
    "category": {
      "sub": "Frø, nøtter og tørket frukt",
      "parent": "Alle kategorier"
    },
    "price": { "price": 69.4, "unitPrice": 365.26, "unit": "kg", "qty": 0.19 }
  },
  {
    "title": "Rosiner",
    "subtitle": "250 g",
    "category": {
      "sub": "Frø, nøtter og tørket frukt",
      "parent": "Alle kategorier"
    },
    "price": { "price": 20.6, "unitPrice": 82.4, "unit": "kg", "qty": 0.25 }
  },
  {
    "title": "Rosiner",
    "subtitle": "6 x 42g, 252 g",
    "category": {
      "sub": "Frø, nøtter og tørket frukt",
      "parent": "Alle kategorier"
    },
    "price": { "price": 28.6, "unitPrice": 113.49, "unit": "kg", "qty": 0.25 }
  },
  {
    "title": "Rosiner",
    "subtitle": "500 g",
    "category": {
      "sub": "Frø, nøtter og tørket frukt",
      "parent": "Alle kategorier"
    },
    "price": { "price": 37.3, "unitPrice": 74.6, "unit": "kg", "qty": 0.5 }
  },
  {
    "title": "Svisker",
    "subtitle": "400 g",
    "category": {
      "sub": "Frø, nøtter og tørket frukt",
      "parent": "Alle kategorier"
    },
    "price": { "price": 51.4, "unitPrice": 128.5, "unit": "kg", "qty": 0.4 }
  },
  {
    "title": "Småsulten Nøttemiks",
    "subtitle": "60 g",
    "category": {
      "sub": "Frø, nøtter og tørket frukt",
      "parent": "Alle kategorier"
    },
    "price": { "price": 22.4, "unitPrice": 373.33, "unit": "kg", "qty": 0.06 }
  },
  {
    "title": "Nøtte- & Fruktmix",
    "subtitle": "600 g",
    "category": {
      "sub": "Frø, nøtter og tørket frukt",
      "parent": "Alle kategorier"
    },
    "price": { "price": 29.7, "unitPrice": 49.5, "unit": "kg", "qty": 0.6 }
  },
  {
    "title": "Peanøtter",
    "subtitle": "275 g",
    "category": {
      "sub": "Frø, nøtter og tørket frukt",
      "parent": "Alle kategorier"
    },
    "price": { "price": 18.4, "unitPrice": 66.91, "unit": "kg", "qty": 0.27 }
  },
  {
    "title": "Cashewnøtter",
    "subtitle": "175 g",
    "category": {
      "sub": "Frø, nøtter og tørket frukt",
      "parent": "Alle kategorier"
    },
    "price": { "price": 38.6, "unitPrice": 220.57, "unit": "kg", "qty": 0.18 }
  },
  {
    "title": "Chilinøtter",
    "subtitle": "175 g",
    "category": {
      "sub": "Frø, nøtter og tørket frukt",
      "parent": "Alle kategorier"
    },
    "price": { "price": 25.7, "unitPrice": 146.86, "unit": "kg", "qty": 0.17 }
  },
  {
    "title": "Pistasjnøtter",
    "subtitle": "175 g",
    "category": {
      "sub": "Frø, nøtter og tørket frukt",
      "parent": "Alle kategorier"
    },
    "price": { "price": 45.8, "unitPrice": 261.71, "unit": "kg", "qty": 0.18 }
  },
  {
    "title": "Tørkede Aprikoser",
    "subtitle": "250 g",
    "category": {
      "sub": "Frø, nøtter og tørket frukt",
      "parent": "Alle kategorier"
    },
    "price": { "price": 24.4, "unitPrice": 97.6, "unit": "kg", "qty": 0.25 }
  },
  {
    "title": "Hasselnøttkjerner",
    "subtitle": "250 g",
    "category": {
      "sub": "Frø, nøtter og tørket frukt",
      "parent": "Alle kategorier"
    },
    "price": { "price": 35.5, "unitPrice": 142, "unit": "kg", "qty": 0.25 }
  },
  {
    "title": "Valnøttkjerner",
    "subtitle": "200 g",
    "category": {
      "sub": "Frø, nøtter og tørket frukt",
      "parent": "Alle kategorier"
    },
    "price": { "price": 48.8, "unitPrice": 244, "unit": "kg", "qty": 0.2 }
  },
  {
    "title": "Solsikkekjerner",
    "subtitle": "Økologisk, 325 g",
    "category": {
      "sub": "Frø, nøtter og tørket frukt",
      "parent": "Alle kategorier"
    },
    "price": { "price": 31.9, "unitPrice": 98.15, "unit": "kg", "qty": 0.33 }
  },
  {
    "title": "Gresskarkjerner",
    "subtitle": "325 g",
    "category": {
      "sub": "Frø, nøtter og tørket frukt",
      "parent": "Alle kategorier"
    },
    "price": { "price": 74, "unitPrice": 227.69, "unit": "kg", "qty": 0.33 }
  },
  {
    "title": "Kokosflak",
    "subtitle": "Økologisk, 100 g",
    "category": {
      "sub": "Frø, nøtter og tørket frukt",
      "parent": "Alle kategorier"
    },
    "price": { "price": 24.2, "unitPrice": 242, "unit": "kg", "qty": 0.1 }
  },
  {
    "title": "Cashewnøtter Økologisk",
    "subtitle": "Usaltet, 150 g",
    "category": {
      "sub": "Frø, nøtter og tørket frukt",
      "parent": "Alle kategorier"
    },
    "price": { "price": 71, "unitPrice": 473.33, "unit": "kg", "qty": 0.15 }
  },
  {
    "title": "Linfrø Knuste",
    "subtitle": "350 g",
    "category": {
      "sub": "Frø, nøtter og tørket frukt",
      "parent": "Alle kategorier"
    },
    "price": { "price": 35.6, "unitPrice": 101.71, "unit": "kg", "qty": 0.35 }
  },
  {
    "title": "Dadler",
    "subtitle": "150 g",
    "category": {
      "sub": "Frø, nøtter og tørket frukt",
      "parent": "Alle kategorier"
    },
    "price": { "price": 36, "unitPrice": 240, "unit": "kg", "qty": 0.15 }
  },
  {
    "title": "Solsikkefrø",
    "subtitle": "1 kg",
    "category": {
      "sub": "Frø, nøtter og tørket frukt",
      "parent": "Alle kategorier"
    },
    "price": { "price": 28.1, "unitPrice": 28.1, "unit": "kg", "qty": 1 }
  },
  {
    "title": "Kokosmasse",
    "subtitle": "250 g",
    "category": {
      "sub": "Frø, nøtter og tørket frukt",
      "parent": "Alle kategorier"
    },
    "price": { "price": 9.9, "unitPrice": 39.6, "unit": "kg", "qty": 0.25 }
  },
  {
    "title": "Mandler",
    "subtitle": "250 g",
    "category": {
      "sub": "Frø, nøtter og tørket frukt",
      "parent": "Alle kategorier"
    },
    "price": { "price": 35.2, "unitPrice": 140.8, "unit": "kg", "qty": 0.25 }
  },
  {
    "title": "Tørkede Erter Gule",
    "subtitle": "500 g",
    "category": {
      "sub": "Frø, nøtter og tørket frukt",
      "parent": "Alle kategorier"
    },
    "price": { "price": 12.3, "unitPrice": 24.6, "unit": "kg", "qty": 0.5 }
  },
  {
    "title": "Tørkede Erter Grønne",
    "subtitle": "500 g",
    "category": {
      "sub": "Frø, nøtter og tørket frukt",
      "parent": "Alle kategorier"
    },
    "price": { "price": 12.3, "unitPrice": 24.6, "unit": "kg", "qty": 0.5 }
  },
  {
    "title": "Tørket Tranebær",
    "subtitle": "260 g",
    "category": {
      "sub": "Frø, nøtter og tørket frukt",
      "parent": "Alle kategorier"
    },
    "price": { "price": 44.2, "unitPrice": 170, "unit": "kg", "qty": 0.26 }
  },
  {
    "title": "Peanøtter",
    "subtitle": "Røstet & Saltet, 300 g",
    "category": {
      "sub": "Frø, nøtter og tørket frukt",
      "parent": "Alle kategorier"
    },
    "price": { "price": 32.8, "unitPrice": 109.33, "unit": "kg", "qty": 0.3 }
  },
  {
    "title": "Hasselnøtter",
    "subtitle": "Økologisk, 150 g",
    "category": {
      "sub": "Frø, nøtter og tørket frukt",
      "parent": "Alle kategorier"
    },
    "price": { "price": 79.6, "unitPrice": 530.67, "unit": "kg", "qty": 0.15 }
  },
  {
    "title": "Økologiske Rosiner",
    "subtitle": "250 g",
    "category": {
      "sub": "Frø, nøtter og tørket frukt",
      "parent": "Alle kategorier"
    },
    "price": { "price": 27.8, "unitPrice": 111.2, "unit": "kg", "qty": 0.25 }
  },
  {
    "title": "Turmiks",
    "subtitle": "Nøtter & Sjokolade, 260 g",
    "category": {
      "sub": "Frø, nøtter og tørket frukt",
      "parent": "Alle kategorier"
    },
    "price": { "price": 43.9, "unitPrice": 168.85, "unit": "kg", "qty": 0.26 }
  },
  {
    "title": "Polly Peanøtter",
    "subtitle": "880 g",
    "category": {
      "sub": "Frø, nøtter og tørket frukt",
      "parent": "Alle kategorier"
    },
    "price": { "price": 120.1, "unitPrice": 136.48, "unit": "kg", "qty": 0.88 }
  },
  {
    "title": "Polly Peanøtter",
    "subtitle": "165 g",
    "category": {
      "sub": "Frø, nøtter og tørket frukt",
      "parent": "Alle kategorier"
    },
    "price": { "price": 26.4, "unitPrice": 160, "unit": "kg", "qty": 0.16 }
  },
  {
    "title": "Småsulten Nøtter & Bær",
    "subtitle": "60 g",
    "category": {
      "sub": "Frø, nøtter og tørket frukt",
      "parent": "Alle kategorier"
    },
    "price": { "price": 20.9, "unitPrice": 348.33, "unit": "kg", "qty": 0.06 }
  },
  {
    "title": "Småsulten Nøtter & Frukt",
    "subtitle": "60 g",
    "category": {
      "sub": "Frø, nøtter og tørket frukt",
      "parent": "Alle kategorier"
    },
    "price": { "price": 20.6, "unitPrice": 343.33, "unit": "kg", "qty": 0.06 }
  },
  {
    "title": "Svisker",
    "subtitle": "Prima, 227 g",
    "category": {
      "sub": "Frø, nøtter og tørket frukt",
      "parent": "Alle kategorier"
    },
    "price": { "price": 15.2, "unitPrice": 66.96, "unit": "kg", "qty": 0.23 }
  },
  {
    "title": "Aprikoser",
    "subtitle": "Økologisk, 150 g",
    "category": {
      "sub": "Frø, nøtter og tørket frukt",
      "parent": "Alle kategorier"
    },
    "price": { "price": 55.4, "unitPrice": 369.33, "unit": "kg", "qty": 0.15 }
  },
  {
    "title": "Blansjerte Hasselnøtter",
    "subtitle": "Usaltet, 190 g",
    "category": {
      "sub": "Frø, nøtter og tørket frukt",
      "parent": "Alle kategorier"
    },
    "price": { "price": 55.4, "unitPrice": 291.58, "unit": "kg", "qty": 0.19 }
  },
  {
    "title": "Brente Mandler",
    "subtitle": "150 g",
    "category": {
      "sub": "Frø, nøtter og tørket frukt",
      "parent": "Alle kategorier"
    },
    "price": { "price": 49.1, "unitPrice": 327.33, "unit": "kg", "qty": 0.15 }
  },
  {
    "title": "Cashewnøtter",
    "subtitle": "Saltet, 1 kg",
    "category": {
      "sub": "Frø, nøtter og tørket frukt",
      "parent": "Alle kategorier"
    },
    "price": { "price": 255.2, "unitPrice": 255.2, "unit": "kg", "qty": 1 }
  },
  {
    "title": "Cashewnøtter",
    "subtitle": "Usaltet, 1 kg",
    "category": {
      "sub": "Frø, nøtter og tørket frukt",
      "parent": "Alle kategorier"
    },
    "price": { "price": 221.8, "unitPrice": 221.8, "unit": "kg", "qty": 1 }
  },
  {
    "title": "Cashewnøtter",
    "subtitle": "Rå, Usaltet, 190 g",
    "category": {
      "sub": "Frø, nøtter og tørket frukt",
      "parent": "Alle kategorier"
    },
    "price": { "price": 55.4, "unitPrice": 291.58, "unit": "kg", "qty": 0.19 }
  },
  {
    "title": "Chilinøtter",
    "subtitle": "1 kg",
    "category": {
      "sub": "Frø, nøtter og tørket frukt",
      "parent": "Alle kategorier"
    },
    "price": { "price": 98.4, "unitPrice": 98.4, "unit": "kg", "qty": 1 }
  },
  {
    "title": "Hvit Quinoa",
    "subtitle": "500 g",
    "category": {
      "sub": "Frø, nøtter og tørket frukt",
      "parent": "Alle kategorier"
    },
    "price": { "price": 55.4, "unitPrice": 110.8, "unit": "kg", "qty": 0.5 }
  },
  {
    "title": "Linfrø",
    "subtitle": "500 g",
    "category": {
      "sub": "Frø, nøtter og tørket frukt",
      "parent": "Alle kategorier"
    },
    "price": { "price": 27.7, "unitPrice": 55.4, "unit": "kg", "qty": 0.5 }
  },
  {
    "title": "Macadamiannøtter Ristet & Saltet",
    "subtitle": "Sør Afrika, 500 g",
    "category": {
      "sub": "Frø, nøtter og tørket frukt",
      "parent": "Alle kategorier"
    },
    "price": { "price": 266.3, "unitPrice": 532.6, "unit": "kg", "qty": 0.5 }
  },
  {
    "title": "Mandler",
    "subtitle": "Saltet Og Ristet, 50 g",
    "category": {
      "sub": "Frø, nøtter og tørket frukt",
      "parent": "Alle kategorier"
    },
    "price": { "price": 12.7, "unitPrice": 254, "unit": "kg", "qty": 0.05 }
  },
  {
    "title": "Mandler",
    "subtitle": "Økologisk, 150 g",
    "category": {
      "sub": "Frø, nøtter og tørket frukt",
      "parent": "Alle kategorier"
    },
    "price": { "price": 71.2, "unitPrice": 474.67, "unit": "kg", "qty": 0.15 }
  },
  {
    "title": "Mango",
    "subtitle": "Økologisk, 110 g",
    "category": {
      "sub": "Frø, nøtter og tørket frukt",
      "parent": "Alle kategorier"
    },
    "price": { "price": 61.1, "unitPrice": 555.45, "unit": "kg", "qty": 0.11 }
  },
  {
    "title": "Tranebær",
    "subtitle": "Økologisk, 150 g",
    "category": {
      "sub": "Frø, nøtter og tørket frukt",
      "parent": "Alle kategorier"
    },
    "price": { "price": 54.3, "unitPrice": 362, "unit": "kg", "qty": 0.15 }
  },
  {
    "title": "Røstede Peanøtter og Mandler",
    "subtitle": "Pepper & Balsamico, 200 g",
    "category": {
      "sub": "Frø, nøtter og tørket frukt",
      "parent": "Alle kategorier"
    },
    "price": { "price": 27.7, "unitPrice": 138.5, "unit": "kg", "qty": 0.2 }
  },
  {
    "title": "Økologisk Basmatiris",
    "subtitle": "550 g",
    "category": {
      "sub": "Frø, nøtter og tørket frukt",
      "parent": "Alle kategorier"
    },
    "price": { "price": 41.1, "unitPrice": 74.73, "unit": "kg", "qty": 0.55 }
  },
  {
    "title": "Økologisk Bokhvete",
    "subtitle": "400 g",
    "category": {
      "sub": "Frø, nøtter og tørket frukt",
      "parent": "Alle kategorier"
    },
    "price": { "price": 33.1, "unitPrice": 82.75, "unit": "kg", "qty": 0.4 }
  },
  {
    "title": "Økologisk Bulgur",
    "subtitle": "300 g",
    "category": {
      "sub": "Frø, nøtter og tørket frukt",
      "parent": "Alle kategorier"
    },
    "price": { "price": 41.1, "unitPrice": 137, "unit": "kg", "qty": 0.3 }
  },
  {
    "title": "Økologiske Cashewnøtter",
    "subtitle": "Rå, Usaltet, 130 g",
    "category": {
      "sub": "Frø, nøtter og tørket frukt",
      "parent": "Alle kategorier"
    },
    "price": { "price": 55.4, "unitPrice": 426.15, "unit": "kg", "qty": 0.13 }
  },
  {
    "title": "Økologiske Hasselnøtter",
    "subtitle": "Rå, Usaltet, 130 g",
    "category": {
      "sub": "Frø, nøtter og tørket frukt",
      "parent": "Alle kategorier"
    },
    "price": { "price": 55.4, "unitPrice": 426.15, "unit": "kg", "qty": 0.13 }
  },
  {
    "title": "Finhakkede Tomater",
    "subtitle": "3 x 400g, 1200 g",
    "category": {
      "sub": "Hermetisert frukt og grønt",
      "parent": "Alle kategorier"
    },
    "price": { "price": 44.7, "unitPrice": 37.25, "unit": "kg", "qty": 1.2 }
  },
  {
    "title": "Grovhakkede Tomater",
    "subtitle": "400 g",
    "category": {
      "sub": "Hermetisert frukt og grønt",
      "parent": "Alle kategorier"
    },
    "price": { "price": 15, "unitPrice": 37.5, "unit": "kg", "qty": 0.4 }
  },
  {
    "title": "Finhakkede Tomater",
    "subtitle": "400 g",
    "category": {
      "sub": "Hermetisert frukt og grønt",
      "parent": "Alle kategorier"
    },
    "price": { "price": 15.9, "unitPrice": 39.75, "unit": "kg", "qty": 0.4 }
  },
  {
    "title": "Hele Tomater",
    "subtitle": "400 g",
    "category": {
      "sub": "Hermetisert frukt og grønt",
      "parent": "Alle kategorier"
    },
    "price": { "price": 22, "unitPrice": 55, "unit": "kg", "qty": 0.4 }
  },
  {
    "title": "Cherry Tomater",
    "subtitle": "400 g",
    "category": {
      "sub": "Hermetisert frukt og grønt",
      "parent": "Alle kategorier"
    },
    "price": { "price": 21, "unitPrice": 52.5, "unit": "kg", "qty": 0.4 }
  },
  {
    "title": "Tomatpure",
    "subtitle": "Tube, 200 g",
    "category": {
      "sub": "Hermetisert frukt og grønt",
      "parent": "Alle kategorier"
    },
    "price": { "price": 24.8, "unitPrice": 124, "unit": "kg", "qty": 0.2 }
  },
  {
    "title": "Petti Passata Il Delicato",
    "subtitle": "700 g",
    "category": {
      "sub": "Hermetisert frukt og grønt",
      "parent": "Alle kategorier"
    },
    "price": { "price": 34.6, "unitPrice": 49.43, "unit": "kg", "qty": 0.7 }
  },
  {
    "title": "Petti Passata Il Delicato",
    "subtitle": "350 g",
    "category": {
      "sub": "Hermetisert frukt og grønt",
      "parent": "Alle kategorier"
    },
    "price": { "price": 20.7, "unitPrice": 59.14, "unit": "kg", "qty": 0.35 }
  },
  {
    "title": "Tomat Passata",
    "subtitle": "Økologisk, 680 g",
    "category": {
      "sub": "Hermetisert frukt og grønt",
      "parent": "Alle kategorier"
    },
    "price": { "price": 44.4, "unitPrice": 65.29, "unit": "kg", "qty": 0.68 }
  },
  {
    "title": "Hakkede Tomater Med Basilikum",
    "subtitle": "390 g",
    "category": {
      "sub": "Hermetisert frukt og grønt",
      "parent": "Alle kategorier"
    },
    "price": { "price": 12.9, "unitPrice": 33.08, "unit": "kg", "qty": 0.39 }
  },
  {
    "title": "Hakkede Tomater Med Hvitløk",
    "subtitle": "390 g",
    "category": {
      "sub": "Hermetisert frukt og grønt",
      "parent": "Alle kategorier"
    },
    "price": { "price": 12.9, "unitPrice": 33.08, "unit": "kg", "qty": 0.39 }
  },
  {
    "title": "Hakkede Tomater Med Chilli",
    "subtitle": "390 g",
    "category": {
      "sub": "Hermetisert frukt og grønt",
      "parent": "Alle kategorier"
    },
    "price": { "price": 16.1, "unitPrice": 41.28, "unit": "kg", "qty": 0.39 }
  },
  {
    "title": "Passata Tomater",
    "subtitle": "390 g",
    "category": {
      "sub": "Hermetisert frukt og grønt",
      "parent": "Alle kategorier"
    },
    "price": { "price": 12.8, "unitPrice": 32.82, "unit": "kg", "qty": 0.39 }
  },
  {
    "title": "Tomater Hakkede",
    "subtitle": "Økologisk, 390 g",
    "category": {
      "sub": "Hermetisert frukt og grønt",
      "parent": "Alle kategorier"
    },
    "price": { "price": 12.7, "unitPrice": 32.56, "unit": "kg", "qty": 0.39 }
  },
  {
    "title": "Tomater Grovhakkede",
    "subtitle": "400 g",
    "category": {
      "sub": "Hermetisert frukt og grønt",
      "parent": "Alle kategorier"
    },
    "price": { "price": 11.2, "unitPrice": 28, "unit": "kg", "qty": 0.4 }
  },
  {
    "title": "Tomater Skinnfrie",
    "subtitle": "400 g",
    "category": {
      "sub": "Hermetisert frukt og grønt",
      "parent": "Alle kategorier"
    },
    "price": { "price": 10.4, "unitPrice": 26, "unit": "kg", "qty": 0.4 }
  },
  {
    "title": "Polpa Tomater Knuste",
    "subtitle": "400 g",
    "category": {
      "sub": "Hermetisert frukt og grønt",
      "parent": "Alle kategorier"
    },
    "price": { "price": 16.4, "unitPrice": 41, "unit": "kg", "qty": 0.4 }
  },
  {
    "title": "Cherrytomater",
    "subtitle": "400 g",
    "category": {
      "sub": "Hermetisert frukt og grønt",
      "parent": "Alle kategorier"
    },
    "price": { "price": 23.8, "unitPrice": 59.5, "unit": "kg", "qty": 0.4 }
  },
  {
    "title": "Tomater Hele",
    "subtitle": "400 g",
    "category": {
      "sub": "Hermetisert frukt og grønt",
      "parent": "Alle kategorier"
    },
    "price": { "price": 25.8, "unitPrice": 64.5, "unit": "kg", "qty": 0.4 }
  },
  {
    "title": "Hakkede Tomater",
    "subtitle": "Økologisk, 400 g",
    "category": {
      "sub": "Hermetisert frukt og grønt",
      "parent": "Alle kategorier"
    },
    "price": { "price": 21.7, "unitPrice": 54.25, "unit": "kg", "qty": 0.4 }
  },
  {
    "title": "Hakkede Tomater Naturell",
    "subtitle": "390 g",
    "category": {
      "sub": "Hermetisert frukt og grønt",
      "parent": "Alle kategorier"
    },
    "price": { "price": 18.8, "unitPrice": 48.21, "unit": "kg", "qty": 0.39 }
  },
  {
    "title": "Hakkede Tomater Urter",
    "subtitle": "390 g",
    "category": {
      "sub": "Hermetisert frukt og grønt",
      "parent": "Alle kategorier"
    },
    "price": { "price": 19.8, "unitPrice": 50.77, "unit": "kg", "qty": 0.39 }
  },
  {
    "title": "Tomatpuré",
    "subtitle": "140 g",
    "category": {
      "sub": "Hermetisert frukt og grønt",
      "parent": "Alle kategorier"
    },
    "price": { "price": 8.4, "unitPrice": 60, "unit": "kg", "qty": 0.14 }
  },
  {
    "title": "Tomatpuré",
    "subtitle": "Økologisk, 200 g",
    "category": {
      "sub": "Hermetisert frukt og grønt",
      "parent": "Alle kategorier"
    },
    "price": { "price": 24.6, "unitPrice": 123, "unit": "kg", "qty": 0.2 }
  },
  {
    "title": "Tomatpuré",
    "subtitle": "180 g",
    "category": {
      "sub": "Hermetisert frukt og grønt",
      "parent": "Alle kategorier"
    },
    "price": { "price": 8.4, "unitPrice": 46.67, "unit": "kg", "qty": 0.18 }
  },
  {
    "title": "Mais",
    "subtitle": "3x160g, 480 g",
    "category": {
      "sub": "Hermetisert frukt og grønt",
      "parent": "Alle kategorier"
    },
    "price": { "price": 31.8, "unitPrice": 66.25, "unit": "kg", "qty": 0.48 }
  },
  {
    "title": "Mais Økologisk",
    "subtitle": "2x160g, 320 g",
    "category": {
      "sub": "Hermetisert frukt og grønt",
      "parent": "Alle kategorier"
    },
    "price": { "price": 31.8, "unitPrice": 99.38, "unit": "kg", "qty": 0.32 }
  },
  {
    "title": "Mais Crispniblets",
    "subtitle": "340 g",
    "category": {
      "sub": "Hermetisert frukt og grønt",
      "parent": "Alle kategorier"
    },
    "price": { "price": 24.8, "unitPrice": 72.94, "unit": "kg", "qty": 0.34 }
  },
  {
    "title": "Maiskorn",
    "subtitle": "340 g",
    "category": {
      "sub": "Hermetisert frukt og grønt",
      "parent": "Alle kategorier"
    },
    "price": { "price": 12, "unitPrice": 35.29, "unit": "kg", "qty": 0.34 }
  },
  {
    "title": "Green Giant Kids",
    "subtitle": "2 x 160 gr, 320 g",
    "category": {
      "sub": "Hermetisert frukt og grønt",
      "parent": "Alle kategorier"
    },
    "price": { "price": 31.8, "unitPrice": 99.38, "unit": "kg", "qty": 0.32 }
  },
  {
    "title": "Maiskorn",
    "subtitle": "Økologisk, 380 g",
    "category": {
      "sub": "Hermetisert frukt og grønt",
      "parent": "Alle kategorier"
    },
    "price": { "price": 21.4, "unitPrice": 56.32, "unit": "kg", "qty": 0.38 }
  },
  {
    "title": "Maiskorn",
    "subtitle": "3x198g, 594 g",
    "category": {
      "sub": "Hermetisert frukt og grønt",
      "parent": "Alle kategorier"
    },
    "price": { "price": 20, "unitPrice": 33.67, "unit": "kg", "qty": 0.59 }
  },
  {
    "title": "Minimais",
    "subtitle": "410 g",
    "category": {
      "sub": "Hermetisert frukt og grønt",
      "parent": "Alle kategorier"
    },
    "price": { "price": 21, "unitPrice": 51.22, "unit": "kg", "qty": 0.41 }
  },
  {
    "title": "Soltørkede Tomater",
    "subtitle": "280 g",
    "category": {
      "sub": "Hermetisert frukt og grønt",
      "parent": "Alle kategorier"
    },
    "price": { "price": 27.6, "unitPrice": 98.57, "unit": "kg", "qty": 0.28 }
  },
  {
    "title": "Sushi Ingefær",
    "subtitle": "190 g",
    "category": {
      "sub": "Hermetisert frukt og grønt",
      "parent": "Alle kategorier"
    },
    "price": { "price": 62.8, "unitPrice": 330.53, "unit": "kg", "qty": 0.19 }
  },
  {
    "title": "Sushi Ginger",
    "subtitle": "145 g",
    "category": {
      "sub": "Hermetisert frukt og grønt",
      "parent": "Alle kategorier"
    },
    "price": { "price": 60.3, "unitPrice": 415.86, "unit": "kg", "qty": 0.15 }
  },
  {
    "title": "Kimchi",
    "subtitle": "350 g",
    "category": {
      "sub": "Hermetisert frukt og grønt",
      "parent": "Alle kategorier"
    },
    "price": { "price": 65.3, "unitPrice": 186.57, "unit": "kg", "qty": 0.35 }
  },
  {
    "title": "Tørkede Erter",
    "subtitle": "410 g",
    "category": {
      "sub": "Hermetisert frukt og grønt",
      "parent": "Alle kategorier"
    },
    "price": { "price": 13.9, "unitPrice": 33.9, "unit": "kg", "qty": 0.41 }
  },
  {
    "title": "Husholdningserter",
    "subtitle": "410 g",
    "category": {
      "sub": "Hermetisert frukt og grønt",
      "parent": "Alle kategorier"
    },
    "price": { "price": 16.3, "unitPrice": 39.76, "unit": "kg", "qty": 0.41 }
  },
  {
    "title": "Erter & Gulrøtter",
    "subtitle": "250 g",
    "category": {
      "sub": "Hermetisert frukt og grønt",
      "parent": "Alle kategorier"
    },
    "price": { "price": 17.7, "unitPrice": 70.8, "unit": "kg", "qty": 0.25 }
  },
  {
    "title": "Brekkbønner",
    "subtitle": "410 g",
    "category": {
      "sub": "Hermetisert frukt og grønt",
      "parent": "Alle kategorier"
    },
    "price": { "price": 22, "unitPrice": 53.66, "unit": "kg", "qty": 0.41 }
  },
  {
    "title": "Bønnespirer",
    "subtitle": "425 g",
    "category": {
      "sub": "Hermetisert frukt og grønt",
      "parent": "Alle kategorier"
    },
    "price": { "price": 17.1, "unitPrice": 40.24, "unit": "kg", "qty": 0.42 }
  },
  {
    "title": "Kidneybønner",
    "subtitle": "Økologisk, 180 g",
    "category": {
      "sub": "Hermetisert frukt og grønt",
      "parent": "Alle kategorier"
    },
    "price": { "price": 14, "unitPrice": 77.78, "unit": "kg", "qty": 0.18 }
  },
  {
    "title": "Røde Kidneybønner",
    "subtitle": "Økologisk, 400 g",
    "category": {
      "sub": "Hermetisert frukt og grønt",
      "parent": "Alle kategorier"
    },
    "price": { "price": 26.5, "unitPrice": 66.25, "unit": "kg", "qty": 0.4 }
  },
  {
    "title": "Kidneybønner",
    "subtitle": "420 g",
    "category": {
      "sub": "Hermetisert frukt og grønt",
      "parent": "Alle kategorier"
    },
    "price": { "price": 13.5, "unitPrice": 32.14, "unit": "kg", "qty": 0.42 }
  },
  {
    "title": "Bønner Røde Kidney",
    "subtitle": "432 g",
    "category": {
      "sub": "Hermetisert frukt og grønt",
      "parent": "Alle kategorier"
    },
    "price": { "price": 40.8, "unitPrice": 94.44, "unit": "kg", "qty": 0.43 }
  },
  {
    "title": "Kidneybønner i Chili",
    "subtitle": "410 g",
    "category": {
      "sub": "Hermetisert frukt og grønt",
      "parent": "Alle kategorier"
    },
    "price": { "price": 16.6, "unitPrice": 40.49, "unit": "kg", "qty": 0.41 }
  },
  {
    "title": "Bønner Chili",
    "subtitle": "439 g",
    "category": {
      "sub": "Hermetisert frukt og grønt",
      "parent": "Alle kategorier"
    },
    "price": { "price": 36.4, "unitPrice": 82.92, "unit": "kg", "qty": 0.44 }
  },
  {
    "title": "Kikerter Garbanzobønner",
    "subtitle": "439 g",
    "category": {
      "sub": "Hermetisert frukt og grønt",
      "parent": "Alle kategorier"
    },
    "price": { "price": 33.9, "unitPrice": 77.22, "unit": "kg", "qty": 0.44 }
  },
  {
    "title": "Kikerter",
    "subtitle": "410 g",
    "category": {
      "sub": "Hermetisert frukt og grønt",
      "parent": "Alle kategorier"
    },
    "price": { "price": 15.6, "unitPrice": 38.05, "unit": "kg", "qty": 0.41 }
  },
  {
    "title": "Kikerter på Glass",
    "subtitle": "560 g",
    "category": {
      "sub": "Hermetisert frukt og grønt",
      "parent": "Alle kategorier"
    },
    "price": { "price": 24.9, "unitPrice": 44.46, "unit": "kg", "qty": 0.56 }
  },
  {
    "title": "Baked Beans",
    "subtitle": "415 g",
    "category": {
      "sub": "Hermetisert frukt og grønt",
      "parent": "Alle kategorier"
    },
    "price": { "price": 29.8, "unitPrice": 71.81, "unit": "kg", "qty": 0.41 }
  },
  {
    "title": "Nora Tomatbønner",
    "subtitle": "425 g",
    "category": {
      "sub": "Hermetisert frukt og grønt",
      "parent": "Alle kategorier"
    },
    "price": { "price": 13.4, "unitPrice": 31.53, "unit": "kg", "qty": 0.42 }
  },
  {
    "title": "Bønner I Tomatsaus",
    "subtitle": "420 g",
    "category": {
      "sub": "Hermetisert frukt og grønt",
      "parent": "Alle kategorier"
    },
    "price": { "price": 9.7, "unitPrice": 23.1, "unit": "kg", "qty": 0.42 }
  },
  {
    "title": "Hvitløk i Urter",
    "subtitle": "280 g",
    "category": {
      "sub": "Hermetisert frukt og grønt",
      "parent": "Alle kategorier"
    },
    "price": { "price": 26.1, "unitPrice": 93.21, "unit": "kg", "qty": 0.28 }
  },
  {
    "title": "Hvitløk Ferskpresset",
    "subtitle": "100 g",
    "category": {
      "sub": "Hermetisert frukt og grønt",
      "parent": "Alle kategorier"
    },
    "price": { "price": 23.9, "unitPrice": 239, "unit": "kg", "qty": 0.1 }
  },
  {
    "title": "Sølvløk",
    "subtitle": "370 g",
    "category": {
      "sub": "Hermetisert frukt og grønt",
      "parent": "Alle kategorier"
    },
    "price": { "price": 25.4, "unitPrice": 68.65, "unit": "kg", "qty": 0.37 }
  },
  {
    "title": "Agurker Skivede",
    "subtitle": "850 g",
    "category": {
      "sub": "Hermetisert frukt og grønt",
      "parent": "Alle kategorier"
    },
    "price": { "price": 41.6, "unitPrice": 48.94, "unit": "kg", "qty": 0.85 }
  },
  {
    "title": "Pariseragurker",
    "subtitle": "580 g",
    "category": {
      "sub": "Hermetisert frukt og grønt",
      "parent": "Alle kategorier"
    },
    "price": { "price": 20.9, "unitPrice": 36.03, "unit": "kg", "qty": 0.58 }
  },
  {
    "title": "Agurker Hele",
    "subtitle": "580 g",
    "category": {
      "sub": "Hermetisert frukt og grønt",
      "parent": "Alle kategorier"
    },
    "price": { "price": 32.8, "unitPrice": 56.55, "unit": "kg", "qty": 0.58 }
  },
  {
    "title": "Agurkmiks",
    "subtitle": "370 g",
    "category": {
      "sub": "Hermetisert frukt og grønt",
      "parent": "Alle kategorier"
    },
    "price": { "price": 27.4, "unitPrice": 74.05, "unit": "kg", "qty": 0.37 }
  },
  {
    "title": "Sylteagurker",
    "subtitle": "530 g",
    "category": {
      "sub": "Hermetisert frukt og grønt",
      "parent": "Alle kategorier"
    },
    "price": { "price": 18.2, "unitPrice": 34.34, "unit": "kg", "qty": 0.53 }
  },
  {
    "title": "Rødbeter Skivede",
    "subtitle": "580 g",
    "category": {
      "sub": "Hermetisert frukt og grønt",
      "parent": "Alle kategorier"
    },
    "price": { "price": 23.8, "unitPrice": 41.03, "unit": "kg", "qty": 0.58 }
  },
  {
    "title": "Rødbeter",
    "subtitle": "530 g",
    "category": {
      "sub": "Hermetisert frukt og grønt",
      "parent": "Alle kategorier"
    },
    "price": { "price": 22.8, "unitPrice": 43.02, "unit": "kg", "qty": 0.53 }
  },
  {
    "title": "Økologiske Kikerter",
    "subtitle": "290 g",
    "category": {
      "sub": "Hermetisert frukt og grønt",
      "parent": "Alle kategorier"
    },
    "price": { "price": 14, "unitPrice": 48.28, "unit": "kg", "qty": 0.29 }
  },
  {
    "title": "Sorte Bønner",
    "subtitle": "Økologisk, 290 g",
    "category": {
      "sub": "Hermetisert frukt og grønt",
      "parent": "Alle kategorier"
    },
    "price": { "price": 14, "unitPrice": 48.28, "unit": "kg", "qty": 0.29 }
  },
  {
    "title": "Store Hvite Bønner",
    "subtitle": "Økologisk, 290 g",
    "category": {
      "sub": "Hermetisert frukt og grønt",
      "parent": "Alle kategorier"
    },
    "price": { "price": 13.3, "unitPrice": 45.86, "unit": "kg", "qty": 0.29 }
  },
  {
    "title": "Bønnemiks",
    "subtitle": "Økologisk, 290 g",
    "category": {
      "sub": "Hermetisert frukt og grønt",
      "parent": "Alle kategorier"
    },
    "price": { "price": 13.3, "unitPrice": 45.86, "unit": "kg", "qty": 0.29 }
  },
  {
    "title": "Røde Linser",
    "subtitle": "Økologisk, 180 g",
    "category": {
      "sub": "Hermetisert frukt og grønt",
      "parent": "Alle kategorier"
    },
    "price": { "price": 14, "unitPrice": 77.78, "unit": "kg", "qty": 0.18 }
  },
  {
    "title": "Grønne Linser",
    "subtitle": "380 g",
    "category": {
      "sub": "Hermetisert frukt og grønt",
      "parent": "Alle kategorier"
    },
    "price": { "price": 19.8, "unitPrice": 52.11, "unit": "kg", "qty": 0.38 }
  },
  {
    "title": "Asparges Hele",
    "subtitle": "330 g",
    "category": {
      "sub": "Hermetisert frukt og grønt",
      "parent": "Alle kategorier"
    },
    "price": { "price": 26.3, "unitPrice": 79.7, "unit": "kg", "qty": 0.33 }
  },
  {
    "title": "Bambusskudd",
    "subtitle": "227 g",
    "category": {
      "sub": "Hermetisert frukt og grønt",
      "parent": "Alle kategorier"
    },
    "price": { "price": 17.6, "unitPrice": 77.53, "unit": "kg", "qty": 0.23 }
  },
  {
    "title": "Pommes Strips",
    "subtitle": "600 g",
    "category": {
      "sub": "Frossen frukt og grønt",
      "parent": "Alle kategorier"
    },
    "price": { "price": 22.3, "unitPrice": 37.17, "unit": "kg", "qty": 0.6 }
  },
  {
    "title": "Opphøgde Poteter med Grillkrydder",
    "subtitle": "450 g",
    "category": {
      "sub": "Frossen frukt og grønt",
      "parent": "Alle kategorier"
    },
    "price": { "price": 34.4, "unitPrice": 76.44, "unit": "kg", "qty": 0.45 }
  },
  {
    "title": "Potetbåter Express",
    "subtitle": "600 g",
    "category": {
      "sub": "Frossen frukt og grønt",
      "parent": "Alle kategorier"
    },
    "price": { "price": 30.8, "unitPrice": 51.33, "unit": "kg", "qty": 0.6 }
  },
  {
    "title": "Pommesfrites",
    "subtitle": "1,2 kg",
    "category": {
      "sub": "Frossen frukt og grønt",
      "parent": "Alle kategorier"
    },
    "price": { "price": 31.9, "unitPrice": 26.58, "unit": "kg", "qty": 1.2 }
  },
  {
    "title": "Jordbær",
    "subtitle": "Økologisk, 250 g",
    "category": {
      "sub": "Frossen frukt og grønt",
      "parent": "Alle kategorier"
    },
    "price": { "price": 29.7, "unitPrice": 118.8, "unit": "kg", "qty": 0.25 }
  },
  {
    "title": "Blåbær Frosne",
    "subtitle": "Økologisk, 250 g",
    "category": {
      "sub": "Frossen frukt og grønt",
      "parent": "Alle kategorier"
    },
    "price": { "price": 29.5, "unitPrice": 118, "unit": "kg", "qty": 0.25 }
  },
  {
    "title": "Mangoterninger Fryst",
    "subtitle": "300 g",
    "category": {
      "sub": "Frossen frukt og grønt",
      "parent": "Alle kategorier"
    },
    "price": { "price": 31.1, "unitPrice": 103.67, "unit": "kg", "qty": 0.3 }
  },
  {
    "title": "Avokadoterninger Fryst",
    "subtitle": "300 g",
    "category": {
      "sub": "Frossen frukt og grønt",
      "parent": "Alle kategorier"
    },
    "price": { "price": 33.2, "unitPrice": 110.67, "unit": "kg", "qty": 0.3 }
  },
  {
    "title": "Oppkuttet Chilli",
    "subtitle": "75 g",
    "category": {
      "sub": "Frossen frukt og grønt",
      "parent": "Alle kategorier"
    },
    "price": { "price": 29.9, "unitPrice": 398.67, "unit": "kg", "qty": 0.07 }
  },
  {
    "title": "Oppkuttet Hvitløk",
    "subtitle": "100 g",
    "category": {
      "sub": "Frossen frukt og grønt",
      "parent": "Alle kategorier"
    },
    "price": { "price": 32.9, "unitPrice": 329, "unit": "kg", "qty": 0.1 }
  },
  {
    "title": "Oppkuttet Ingefær",
    "subtitle": "75 g",
    "category": {
      "sub": "Frossen frukt og grønt",
      "parent": "Alle kategorier"
    },
    "price": { "price": 29.9, "unitPrice": 398.67, "unit": "kg", "qty": 0.07 }
  },
  {
    "title": "Oppkuttet Koriander",
    "subtitle": "75 g",
    "category": {
      "sub": "Frossen frukt og grønt",
      "parent": "Alle kategorier"
    },
    "price": { "price": 29.9, "unitPrice": 398.67, "unit": "kg", "qty": 0.07 }
  },
  {
    "title": "Jordbær",
    "subtitle": "400 g",
    "category": {
      "sub": "Frossen frukt og grønt",
      "parent": "Alle kategorier"
    },
    "price": { "price": 22.7, "unitPrice": 56.75, "unit": "kg", "qty": 0.4 }
  },
  {
    "title": "Bringebær",
    "subtitle": "400 g",
    "category": {
      "sub": "Frossen frukt og grønt",
      "parent": "Alle kategorier"
    },
    "price": { "price": 21.8, "unitPrice": 54.5, "unit": "kg", "qty": 0.4 }
  },
  {
    "title": "Norske Jordbær",
    "subtitle": "300 g",
    "category": {
      "sub": "Frossen frukt og grønt",
      "parent": "Alle kategorier"
    },
    "price": { "price": 30, "unitPrice": 100, "unit": "kg", "qty": 0.3 }
  },
  {
    "title": "Skogsbærblanding",
    "subtitle": "400 g",
    "category": {
      "sub": "Frossen frukt og grønt",
      "parent": "Alle kategorier"
    },
    "price": { "price": 18.2, "unitPrice": 45.5, "unit": "kg", "qty": 0.4 }
  },
  {
    "title": "Blåbær",
    "subtitle": "400 g",
    "category": {
      "sub": "Frossen frukt og grønt",
      "parent": "Alle kategorier"
    },
    "price": { "price": 30.3, "unitPrice": 75.75, "unit": "kg", "qty": 0.4 }
  },
  {
    "title": "Smoothie Mix",
    "subtitle": "800 g",
    "category": {
      "sub": "Frossen frukt og grønt",
      "parent": "Alle kategorier"
    },
    "price": { "price": 53.3, "unitPrice": 66.63, "unit": "kg", "qty": 0.8 }
  },
  {
    "title": "Smoothiemix Mango, Ananas & Banan",
    "subtitle": "800 g",
    "category": {
      "sub": "Frossen frukt og grønt",
      "parent": "Alle kategorier"
    },
    "price": { "price": 49.2, "unitPrice": 61.5, "unit": "kg", "qty": 0.8 }
  },
  {
    "title": "Smoothie",
    "subtitle": "Grønnkål & Frukt, 400 g",
    "category": {
      "sub": "Frossen frukt og grønt",
      "parent": "Alle kategorier"
    },
    "price": { "price": 27.5, "unitPrice": 68.75, "unit": "kg", "qty": 0.4 }
  },
  {
    "title": "Wok Classic Big Pack",
    "subtitle": "850 g",
    "category": {
      "sub": "Frossen frukt og grønt",
      "parent": "Alle kategorier"
    },
    "price": { "price": 68.9, "unitPrice": 81.06, "unit": "kg", "qty": 0.85 }
  },
  {
    "title": "Familiefavoritt Grovkuttet",
    "subtitle": "500 g",
    "category": {
      "sub": "Frossen frukt og grønt",
      "parent": "Alle kategorier"
    },
    "price": { "price": 27, "unitPrice": 54, "unit": "kg", "qty": 0.5 }
  },
  {
    "title": "Fullkornsris & Grønnsaker",
    "subtitle": "500 g",
    "category": {
      "sub": "Frossen frukt og grønt",
      "parent": "Alle kategorier"
    },
    "price": { "price": 30.8, "unitPrice": 61.6, "unit": "kg", "qty": 0.5 }
  },
  {
    "title": "Erter",
    "subtitle": "350 g",
    "category": {
      "sub": "Frossen frukt og grønt",
      "parent": "Alle kategorier"
    },
    "price": { "price": 12.8, "unitPrice": 36.57, "unit": "kg", "qty": 0.35 }
  },
  {
    "title": "Hakket Spinat",
    "subtitle": "450 g",
    "category": {
      "sub": "Frossen frukt og grønt",
      "parent": "Alle kategorier"
    },
    "price": { "price": 12.9, "unitPrice": 28.67, "unit": "kg", "qty": 0.45 }
  },
  {
    "title": "Rosenkål",
    "subtitle": "600 g",
    "category": {
      "sub": "Frossen frukt og grønt",
      "parent": "Alle kategorier"
    },
    "price": { "price": 14.7, "unitPrice": 24.5, "unit": "kg", "qty": 0.6 }
  },
  {
    "title": "Brokkolitopper",
    "subtitle": "450 g",
    "category": {
      "sub": "Frossen frukt og grønt",
      "parent": "Alle kategorier"
    },
    "price": { "price": 17.2, "unitPrice": 38.22, "unit": "kg", "qty": 0.45 }
  },
  {
    "title": "Aspargesbønner",
    "subtitle": "Fryst, 300 g",
    "category": {
      "sub": "Frossen frukt og grønt",
      "parent": "Alle kategorier"
    },
    "price": { "price": 16, "unitPrice": 53.33, "unit": "kg", "qty": 0.3 }
  },
  {
    "title": "Edamame",
    "subtitle": "400 g",
    "category": {
      "sub": "Frossen frukt og grønt",
      "parent": "Alle kategorier"
    },
    "price": { "price": 29.8, "unitPrice": 74.5, "unit": "kg", "qty": 0.4 }
  },
  {
    "title": "Minigulrot",
    "subtitle": "300 g",
    "category": {
      "sub": "Frossen frukt og grønt",
      "parent": "Alle kategorier"
    },
    "price": { "price": 14.1, "unitPrice": 47, "unit": "kg", "qty": 0.3 }
  },
  {
    "title": "Brokkoliblanding",
    "subtitle": "500 g",
    "category": {
      "sub": "Frossen frukt og grønt",
      "parent": "Alle kategorier"
    },
    "price": { "price": 19.8, "unitPrice": 39.6, "unit": "kg", "qty": 0.5 }
  },
  {
    "title": "Brokkoli & Blomkål Blanding",
    "subtitle": "500 g",
    "category": {
      "sub": "Frossen frukt og grønt",
      "parent": "Alle kategorier"
    },
    "price": { "price": 26.5, "unitPrice": 53, "unit": "kg", "qty": 0.5 }
  },
  {
    "title": "Selskapsblanding",
    "subtitle": "500 g",
    "category": {
      "sub": "Frossen frukt og grønt",
      "parent": "Alle kategorier"
    },
    "price": { "price": 26.1, "unitPrice": 52.2, "unit": "kg", "qty": 0.5 }
  },
  {
    "title": "Amerikansk Blanding",
    "subtitle": "800 g",
    "category": {
      "sub": "Frossen frukt og grønt",
      "parent": "Alle kategorier"
    },
    "price": { "price": 17, "unitPrice": 21.25, "unit": "kg", "qty": 0.8 }
  },
  {
    "title": "Lapskausblanding",
    "subtitle": "800 g",
    "category": {
      "sub": "Frossen frukt og grønt",
      "parent": "Alle kategorier"
    },
    "price": { "price": 20.8, "unitPrice": 26, "unit": "kg", "qty": 0.8 }
  },
  {
    "title": "Klassisk Wokblanding",
    "subtitle": "500 g",
    "category": {
      "sub": "Frossen frukt og grønt",
      "parent": "Alle kategorier"
    },
    "price": { "price": 26.7, "unitPrice": 53.4, "unit": "kg", "qty": 0.5 }
  },
  {
    "title": "Lapskausblanding Grov",
    "subtitle": "750 g",
    "category": {
      "sub": "Frossen frukt og grønt",
      "parent": "Alle kategorier"
    },
    "price": { "price": 26.5, "unitPrice": 35.33, "unit": "kg", "qty": 0.75 }
  },
  {
    "title": "Mykstekt Løk",
    "subtitle": "300 g",
    "category": {
      "sub": "Frossen frukt og grønt",
      "parent": "Alle kategorier"
    },
    "price": { "price": 36.5, "unitPrice": 121.67, "unit": "kg", "qty": 0.3 }
  },
  {
    "title": "Soppblanding",
    "subtitle": "250 g",
    "category": {
      "sub": "Frossen frukt og grønt",
      "parent": "Alle kategorier"
    },
    "price": { "price": 33.4, "unitPrice": 133.6, "unit": "kg", "qty": 0.25 }
  },
  {
    "title": "Bringebær, Fryst",
    "subtitle": "Fra Polen, 2,5 kg",
    "category": {
      "sub": "Frossen frukt og grønt",
      "parent": "Alle kategorier"
    },
    "price": { "price": 314.3, "unitPrice": 125.72, "unit": "kg", "qty": 2.5 }
  },
  {
    "title": "Brokkoliblanding",
    "subtitle": "2 kg",
    "category": {
      "sub": "Frossen frukt og grønt",
      "parent": "Alle kategorier"
    },
    "price": { "price": 76, "unitPrice": 38, "unit": "kg", "qty": 2 }
  },
  {
    "title": "Indisk-inspirert Wok",
    "subtitle": "500 g",
    "category": {
      "sub": "Frossen frukt og grønt",
      "parent": "Alle kategorier"
    },
    "price": { "price": 32.6, "unitPrice": 65.2, "unit": "kg", "qty": 0.5 }
  },
  {
    "title": "Krydret Bønneblanding",
    "subtitle": "500 g",
    "category": {
      "sub": "Frossen frukt og grønt",
      "parent": "Alle kategorier"
    },
    "price": { "price": 32.1, "unitPrice": 64.2, "unit": "kg", "qty": 0.5 }
  },
  {
    "title": "Thai-inspirert Wok",
    "subtitle": "500 g",
    "category": {
      "sub": "Frossen frukt og grønt",
      "parent": "Alle kategorier"
    },
    "price": { "price": 37, "unitPrice": 74, "unit": "kg", "qty": 0.5 }
  },
  {
    "title": "Jalapeño Poppers",
    "subtitle": "Taste Lab, 250 g",
    "category": {
      "sub": "Frossen frukt og grønt",
      "parent": "Alle kategorier"
    },
    "price": { "price": 34.7, "unitPrice": 138.8, "unit": "kg", "qty": 0.25 }
  },
  {
    "title": "Rotgrønnsaker Grovkuttet",
    "subtitle": "750 g",
    "category": {
      "sub": "Frossen frukt og grønt",
      "parent": "Alle kategorier"
    },
    "price": { "price": 29.8, "unitPrice": 39.73, "unit": "kg", "qty": 0.75 }
  },
  {
    "title": "Søtpotet Fries",
    "subtitle": "500 g",
    "category": {
      "sub": "Frossen frukt og grønt",
      "parent": "Alle kategorier"
    },
    "price": { "price": 33.4, "unitPrice": 66.8, "unit": "kg", "qty": 0.5 }
  },
  {
    "title": "Løkringer",
    "subtitle": "Taste Lab, 300 g",
    "category": {
      "sub": "Frossen frukt og grønt",
      "parent": "Alle kategorier"
    },
    "price": { "price": 33.1, "unitPrice": 110.33, "unit": "kg", "qty": 0.3 }
  },
  {
    "title": "Røstipoteter med Ost",
    "subtitle": "Taste Lab, 460 g",
    "category": {
      "sub": "Frossen frukt og grønt",
      "parent": "Alle kategorier"
    },
    "price": { "price": 27.3, "unitPrice": 59.35, "unit": "kg", "qty": 0.46 }
  },
  {
    "title": "Sushi Salat Wakame",
    "subtitle": "125 g",
    "category": {
      "sub": "Frossen frukt og grønt",
      "parent": "Alle kategorier"
    },
    "price": { "price": 27.3, "unitPrice": 218.4, "unit": "kg", "qty": 0.13 }
  },
  {
    "title": "Grønnsaks Nuggets",
    "subtitle": "310 g",
    "category": {
      "sub": "Frossen frukt og grønt",
      "parent": "Alle kategorier"
    },
    "price": { "price": 48.8, "unitPrice": 157.42, "unit": "kg", "qty": 0.31 }
  },
  {
    "title": "Bananer",
    "subtitle": "Colombia/ Guatemala, 1 stk",
    "category": { "sub": "Frukt", "parent": "Frukt og grønt" },
    "price": { "price": 4.8, "unitPrice": 20.87, "unit": "kg", "qty": 0.23 }
  },
  {
    "title": "Økologiske Bananer",
    "subtitle": "Max Havelaar, Ecuador, 4 stk",
    "category": { "sub": "Frukt", "parent": "Frukt og grønt" },
    "price": { "price": 26.2, "unitPrice": 30.11, "unit": "kg", "qty": 0.87 }
  },
  {
    "title": "Røde Appelsiner",
    "subtitle": "1 kg",
    "category": { "sub": "Frukt", "parent": "Frukt og grønt" },
    "price": { "price": 49.9, "unitPrice": 49.9, "unit": "kg", "qty": 1 }
  },
  {
    "title": "Rød/Gule Plommer October Sun",
    "subtitle": "I kurv, Sør Afrika, 500 g",
    "category": { "sub": "Frukt", "parent": "Frukt og grønt" },
    "price": { "price": 32.7, "unitPrice": 65.4, "unit": "kg", "qty": 0.5 }
  },
  {
    "title": "Store Appelsiner",
    "subtitle": "Spania, 3 stk",
    "category": { "sub": "Frukt", "parent": "Frukt og grønt" },
    "price": { "price": 31.6, "unitPrice": 39.5, "unit": "kg", "qty": 0.8 }
  },
  {
    "title": "Økologiske Appelsiner",
    "subtitle": "Spania, 1 kg",
    "category": { "sub": "Frukt", "parent": "Frukt og grønt" },
    "price": { "price": 47.8, "unitPrice": 47.8, "unit": "kg", "qty": 1 }
  },
  {
    "title": "Økologiske Klementiner",
    "subtitle": "Spania, 500 g",
    "category": { "sub": "Frukt", "parent": "Frukt og grønt" },
    "price": { "price": 41.9, "unitPrice": 83.8, "unit": "kg", "qty": 0.5 }
  },
  {
    "title": "Store Klementiner",
    "subtitle": "Spania, 1 kg",
    "category": { "sub": "Frukt", "parent": "Frukt og grønt" },
    "price": { "price": 49.9, "unitPrice": 49.9, "unit": "kg", "qty": 1 }
  },
  {
    "title": "Fruktkurv",
    "subtitle": "Miks av frukt, 4 kg",
    "category": { "sub": "Frukt", "parent": "Frukt og grønt" },
    "price": { "price": 173.5, "unitPrice": 43.38, "unit": "kg", "qty": 4 }
  },
  {
    "title": "Ekstra Saftige Fuji Epler",
    "subtitle": "Kina, 4 stk",
    "category": { "sub": "Frukt", "parent": "Frukt og grønt" },
    "price": { "price": 37.9, "unitPrice": 54.14, "unit": "kg", "qty": 0.7 }
  },
  {
    "title": "Luksus Fruktkurv",
    "subtitle": "Miks av frukt, 4,5 kg",
    "category": { "sub": "Frukt", "parent": "Frukt og grønt" },
    "price": { "price": 305, "unitPrice": 67.78, "unit": "kg", "qty": 4.5 }
  },
  {
    "title": "Mango Stor",
    "subtitle": "Spisemoden, Brasil/Peru, 1 stk",
    "category": { "sub": "Frukt", "parent": "Frukt og grønt" },
    "price": { "price": 34.9, "unitPrice": 83.1, "unit": "kg", "qty": 0.42 }
  },
  {
    "title": "Mango",
    "subtitle": "Spisemoden, Brasil/Peru, 2 stk",
    "category": { "sub": "Frukt", "parent": "Frukt og grønt" },
    "price": { "price": 42.8, "unitPrice": 50.95, "unit": "kg", "qty": 0.84 }
  },
  {
    "title": "Økologiske Pærer, Conference",
    "subtitle": "3-4 stk Frankrike, 500 g",
    "category": { "sub": "Frukt", "parent": "Frukt og grønt" },
    "price": { "price": 47.4, "unitPrice": 94.8, "unit": "kg", "qty": 0.5 }
  },
  {
    "title": "Store Pærer, Conference",
    "subtitle": "Belgia, 4 pk, 4 stk",
    "category": { "sub": "Frukt", "parent": "Frukt og grønt" },
    "price": { "price": 27.3, "unitPrice": 45.5, "unit": "kg", "qty": 0.6 }
  },
  {
    "title": "Pink Lady Epler",
    "subtitle": "Italia, 6 stk",
    "category": { "sub": "Frukt", "parent": "Frukt og grønt" },
    "price": { "price": 42.8, "unitPrice": 50.35, "unit": "kg", "qty": 0.85 }
  },
  {
    "title": "Epler, røde, 4 pk",
    "subtitle": "Royal Gala Italia, ca. 750 g",
    "category": { "sub": "Frukt", "parent": "Frukt og grønt" },
    "price": { "price": 40, "unitPrice": 53.33, "unit": "kg", "qty": 0.75 }
  },
  {
    "title": "Røde Epler Gala 2-3 stk",
    "subtitle": "Økologisk, Italia, 500 g",
    "category": { "sub": "Frukt", "parent": "Frukt og grønt" },
    "price": { "price": 36, "unitPrice": 72, "unit": "kg", "qty": 0.5 }
  },
  {
    "title": "Epler, Røde, 6 pk",
    "subtitle": "Royal Gala/ Italia, 950 g",
    "category": { "sub": "Frukt", "parent": "Frukt og grønt" },
    "price": { "price": 41.4, "unitPrice": 43.58, "unit": "kg", "qty": 0.95 }
  },
  {
    "title": "Epler gule, 4 pk",
    "subtitle": "Golden Delicious, Italia, 750 g",
    "category": { "sub": "Frukt", "parent": "Frukt og grønt" },
    "price": { "price": 32.2, "unitPrice": 42.93, "unit": "kg", "qty": 0.75 }
  },
  {
    "title": "Epler, gule, 6 pk",
    "subtitle": "Golden Delicious, Italia, 950 g",
    "category": { "sub": "Frukt", "parent": "Frukt og grønt" },
    "price": { "price": 26.5, "unitPrice": 27.89, "unit": "kg", "qty": 0.95 }
  },
  {
    "title": "Epler, grønne, 4 pk",
    "subtitle": "Granny Smith, Italia, 750 g",
    "category": { "sub": "Frukt", "parent": "Frukt og grønt" },
    "price": { "price": 32.1, "unitPrice": 42.8, "unit": "kg", "qty": 0.75 }
  },
  {
    "title": "Epler, Grønne, 6 pk",
    "subtitle": "Granny Smith, Italia, 950 g",
    "category": { "sub": "Frukt", "parent": "Frukt og grønt" },
    "price": { "price": 23.7, "unitPrice": 24.95, "unit": "kg", "qty": 0.95 }
  },
  {
    "title": "Jordbær",
    "subtitle": "Egypt/ Spania, 400 g",
    "category": { "sub": "Frukt", "parent": "Frukt og grønt" },
    "price": { "price": 50.9, "unitPrice": 127.25, "unit": "kg", "qty": 0.4 }
  },
  {
    "title": "Blåbær i kurv",
    "subtitle": "Peru, 125 g",
    "category": { "sub": "Frukt", "parent": "Frukt og grønt" },
    "price": { "price": 23.2, "unitPrice": 185.6, "unit": "kg", "qty": 0.13 }
  },
  {
    "title": "Blåbær",
    "subtitle": "Beger m/lokk, Peru, 225 g",
    "category": { "sub": "Frukt", "parent": "Frukt og grønt" },
    "price": { "price": 45.8, "unitPrice": 203.56, "unit": "kg", "qty": 0.22 }
  },
  {
    "title": "Bringebær",
    "subtitle": "Spania, 125 g",
    "category": { "sub": "Frukt", "parent": "Frukt og grønt" },
    "price": { "price": 36.7, "unitPrice": 293.6, "unit": "kg", "qty": 0.13 }
  },
  {
    "title": "Druer Grønne Stenfrie",
    "subtitle": "Kurv, Egypt, 500 g",
    "category": { "sub": "Frukt", "parent": "Frukt og grønt" },
    "price": { "price": 37.8, "unitPrice": 75.6, "unit": "kg", "qty": 0.5 }
  },
  {
    "title": "Druer Røde Stenfrie",
    "subtitle": "Kurv, Brasil, 500 g",
    "category": { "sub": "Frukt", "parent": "Frukt og grønt" },
    "price": { "price": 32.9, "unitPrice": 65.8, "unit": "kg", "qty": 0.5 }
  },
  {
    "title": "Store Lime",
    "subtitle": "Brasil/Mexico, 3 stk",
    "category": { "sub": "Frukt", "parent": "Frukt og grønt" },
    "price": { "price": 28.1, "unitPrice": 100.36, "unit": "kg", "qty": 0.28 }
  },
  {
    "title": "Økologisk Lime 2/3 stk",
    "subtitle": "Brasil, 250 g",
    "category": { "sub": "Frukt", "parent": "Frukt og grønt" },
    "price": { "price": 49.1, "unitPrice": 169.31, "unit": "kg", "qty": 0.29 }
  },
  {
    "title": "Kiwi",
    "subtitle": "New Zealand/ Italia, 4 stk",
    "category": { "sub": "Frukt", "parent": "Frukt og grønt" },
    "price": { "price": 15.6, "unitPrice": 44.57, "unit": "kg", "qty": 0.35 }
  },
  {
    "title": "Økologisk Kiwi, 4-5 stk",
    "subtitle": "Italia, ca. 500 g",
    "category": { "sub": "Frukt", "parent": "Frukt og grønt" },
    "price": { "price": 43.5, "unitPrice": 87, "unit": "kg", "qty": 0.5 }
  },
  {
    "title": "Grapefrukt",
    "subtitle": "Sør Afrika/Israel, 1 stk",
    "category": { "sub": "Frukt", "parent": "Frukt og grønt" },
    "price": { "price": 18.6, "unitPrice": 62, "unit": "kg", "qty": 0.3 }
  },
  {
    "title": "Kumquat",
    "subtitle": "Spania, 100 g",
    "category": { "sub": "Frukt", "parent": "Frukt og grønt" },
    "price": { "price": 35.8, "unitPrice": 358, "unit": "kg", "qty": 0.1 }
  },
  {
    "title": "Sitroner 2/3 stk",
    "subtitle": "Spania/ Sørafrika/ Uruguay, 380 g",
    "category": { "sub": "Frukt", "parent": "Frukt og grønt" },
    "price": { "price": 12, "unitPrice": 31.58, "unit": "kg", "qty": 0.38 }
  },
  {
    "title": "Økologiske Sitroner",
    "subtitle": "Spania, 2 stk",
    "category": { "sub": "Frukt", "parent": "Frukt og grønt" },
    "price": { "price": 35.8, "unitPrice": 162.73, "unit": "kg", "qty": 0.22 }
  },
  {
    "title": "Papaya Spisemoden",
    "subtitle": "Brasil, 1 stk",
    "category": { "sub": "Frukt", "parent": "Frukt og grønt" },
    "price": { "price": 69.9, "unitPrice": 241.03, "unit": "kg", "qty": 0.29 }
  },
  {
    "title": "Vannmelon",
    "subtitle": "Spania, 2 kg",
    "category": { "sub": "Frukt", "parent": "Frukt og grønt" },
    "price": { "price": 53.1, "unitPrice": 26.55, "unit": "kg", "qty": 2 }
  },
  {
    "title": "Honningmelon",
    "subtitle": "Spania, 1 stk",
    "category": { "sub": "Frukt", "parent": "Frukt og grønt" },
    "price": { "price": 41.9, "unitPrice": 27.93, "unit": "kg", "qty": 1.5 }
  },
  {
    "title": "Melon Cantaloupe",
    "subtitle": "Spania, 1 stk",
    "category": { "sub": "Frukt", "parent": "Frukt og grønt" },
    "price": { "price": 42.1, "unitPrice": 46.78, "unit": "kg", "qty": 0.9 }
  },
  {
    "title": "Piel de Sapo Melon",
    "subtitle": "Spania/ Brasil, 1 stk",
    "category": { "sub": "Frukt", "parent": "Frukt og grønt" },
    "price": { "price": 52.4, "unitPrice": 34.93, "unit": "kg", "qty": 1.5 }
  },
  {
    "title": "Kokosnøtt",
    "subtitle": "Elfenbenkysten, 1 stk",
    "category": { "sub": "Frukt", "parent": "Frukt og grønt" },
    "price": { "price": 24.2, "unitPrice": 48.4, "unit": "kg", "qty": 0.5 }
  },
  {
    "title": "Ananas Gold",
    "subtitle": "Costa Rica, 1 stk",
    "category": { "sub": "Frukt", "parent": "Frukt og grønt" },
    "price": { "price": 30.8, "unitPrice": 30.8, "unit": "kg", "qty": 1 }
  },
  {
    "title": "Økologisk Ananas",
    "subtitle": "Elfenbenkysten, 1 stk",
    "category": { "sub": "Frukt", "parent": "Frukt og grønt" },
    "price": { "price": 54.9, "unitPrice": 39.21, "unit": "kg", "qty": 1.4 }
  },
  {
    "title": "Physalis Kurv",
    "subtitle": "Colombia, 100 g",
    "category": { "sub": "Frukt", "parent": "Frukt og grønt" },
    "price": { "price": 35.8, "unitPrice": 358, "unit": "kg", "qty": 0.1 }
  },
  {
    "title": "Granateple",
    "subtitle": "Peru, 1 stk",
    "category": { "sub": "Frukt", "parent": "Frukt og grønt" },
    "price": { "price": 34.4, "unitPrice": 172, "unit": "kg", "qty": 0.2 }
  },
  {
    "title": "Fiken",
    "subtitle": "Brasil, 4 stk",
    "category": { "sub": "Frukt", "parent": "Frukt og grønt" },
    "price": { "price": 65.3, "unitPrice": 261.2, "unit": "kg", "qty": 0.25 }
  },
  {
    "title": "Pasjonsfrukt",
    "subtitle": "Colombia, 4 stk",
    "category": { "sub": "Frukt", "parent": "Frukt og grønt" },
    "price": { "price": 43.5, "unitPrice": 189.13, "unit": "kg", "qty": 0.23 }
  },
  {
    "title": "Bananer i Kasse",
    "subtitle": "5 kg",
    "category": { "sub": "Frukt", "parent": "Frukt og grønt" },
    "price": { "price": 173.8, "unitPrice": 34.76, "unit": "kg", "qty": 5 }
  },
  {
    "title": "Appelsiner i Nett",
    "subtitle": "Vår Laveste Pris, Spania, 2 kg",
    "category": { "sub": "Frukt", "parent": "Frukt og grønt" },
    "price": { "price": 29.8, "unitPrice": 14.9, "unit": "kg", "qty": 2 }
  },
  {
    "title": "Røde Epler i Pose",
    "subtitle": "Polen, 1,5 kg",
    "category": { "sub": "Frukt", "parent": "Frukt og grønt" },
    "price": { "price": 48.1, "unitPrice": 32.07, "unit": "kg", "qty": 1.5 }
  },
  {
    "title": "Pærer",
    "subtitle": "Vår Laveste Pris,Packham, Belgia, 1 kg",
    "category": { "sub": "Frukt", "parent": "Frukt og grønt" },
    "price": { "price": 38.8, "unitPrice": 38.8, "unit": "kg", "qty": 1 }
  },
  {
    "title": "Små Grønne Druer",
    "subtitle": "Laveste Pris/ Hellas, 500 g",
    "category": { "sub": "Frukt", "parent": "Frukt og grønt" },
    "price": { "price": 14, "unitPrice": 28, "unit": "kg", "qty": 0.5 }
  },
  {
    "title": "Små Bananer i Pose",
    "subtitle": "ca. 1 kg Costa Rica",
    "category": { "sub": "Frukt", "parent": "Frukt og grønt" },
    "price": { "price": 17.9, "unitPrice": 17.9, "unit": "kg", "qty": 1 }
  },
  {
    "title": "Små Lime Vår Laveste pris",
    "subtitle": "Brasil/Mexico, 6 stk",
    "category": { "sub": "Frukt", "parent": "Frukt og grønt" },
    "price": { "price": 16.9, "unitPrice": 42.25, "unit": "kg", "qty": 0.4 }
  },
  {
    "title": "Små Klementiner i Nett",
    "subtitle": "Vår laveste Pris Spania, 2 kg",
    "category": { "sub": "Frukt", "parent": "Frukt og grønt" },
    "price": { "price": 24.8, "unitPrice": 12.4, "unit": "kg", "qty": 2 }
  },
  {
    "title": "Små Røde Druer",
    "subtitle": "Vår Laveste Pris, Spania/ Egypt, 500 g",
    "category": { "sub": "Frukt", "parent": "Frukt og grønt" },
    "price": { "price": 21.5, "unitPrice": 43, "unit": "kg", "qty": 0.5 }
  },
  {
    "title": "Blåbær i kurv",
    "subtitle": "Peru, 125 g",
    "category": { "sub": "Bær", "parent": "Frukt og grønt" },
    "price": { "price": 23.2, "unitPrice": 185.6, "unit": "kg", "qty": 0.13 }
  },
  {
    "title": "Bringebær",
    "subtitle": "Spania, 125 g",
    "category": { "sub": "Bær", "parent": "Frukt og grønt" },
    "price": { "price": 36.7, "unitPrice": 293.6, "unit": "kg", "qty": 0.13 }
  },
  {
    "title": "Jordbær",
    "subtitle": "Egypt/ Spania, 400 g",
    "category": { "sub": "Bær", "parent": "Frukt og grønt" },
    "price": { "price": 50.9, "unitPrice": 127.25, "unit": "kg", "qty": 0.4 }
  },
  {
    "title": "Blåbær",
    "subtitle": "Beger m/lokk, Peru, 225 g",
    "category": { "sub": "Bær", "parent": "Frukt og grønt" },
    "price": { "price": 45.8, "unitPrice": 203.56, "unit": "kg", "qty": 0.22 }
  },
  {
    "title": "Bjørnebær",
    "subtitle": "Mexico, 125 g",
    "category": { "sub": "Bær", "parent": "Frukt og grønt" },
    "price": { "price": 52.9, "unitPrice": 423.2, "unit": "kg", "qty": 0.13 }
  },
  {
    "title": "Rips",
    "subtitle": "Nederland, 125 g",
    "category": { "sub": "Bær", "parent": "Frukt og grønt" },
    "price": { "price": 36.7, "unitPrice": 293.6, "unit": "kg", "qty": 0.13 }
  },
  {
    "title": "Kyllingsalat",
    "subtitle": "1 stk",
    "category": { "sub": "Ferdig kuttede salater", "parent": "Frukt og grønt" },
    "price": { "price": 109, "unitPrice": 109, "unit": "stk", "qty": 1 }
  },
  {
    "title": "Salat med Ost Og skinke",
    "subtitle": "1 stk",
    "category": { "sub": "Ferdig kuttede salater", "parent": "Frukt og grønt" },
    "price": { "price": 109, "unitPrice": 109, "unit": "stk", "qty": 1 }
  },
  {
    "title": "Babyleafmiks",
    "subtitle": "Vasket, Italia, 175 g",
    "category": { "sub": "Ferdig kuttede salater", "parent": "Frukt og grønt" },
    "price": { "price": 47.1, "unitPrice": 269.14, "unit": "kg", "qty": 0.18 }
  },
  {
    "title": "Gourmetsalat",
    "subtitle": "Vasket,Spania, 200 g",
    "category": { "sub": "Ferdig kuttede salater", "parent": "Frukt og grønt" },
    "price": { "price": 40.5, "unitPrice": 202.5, "unit": "kg", "qty": 0.2 }
  },
  {
    "title": "Grønnkål Miks",
    "subtitle": "Vasket, Norge, 250 g",
    "category": { "sub": "Ferdig kuttede salater", "parent": "Frukt og grønt" },
    "price": { "price": 31, "unitPrice": 124, "unit": "kg", "qty": 0.25 }
  },
  {
    "title": "Grønnkål uten Stilk",
    "subtitle": "Vasket, Norge, 125 g",
    "category": { "sub": "Ferdig kuttede salater", "parent": "Frukt og grønt" },
    "price": { "price": 25.4, "unitPrice": 203.2, "unit": "kg", "qty": 0.13 }
  },
  {
    "title": "Isbergmiks",
    "subtitle": "Vasket, Spania, 200 g",
    "category": { "sub": "Ferdig kuttede salater", "parent": "Frukt og grønt" },
    "price": { "price": 22.9, "unitPrice": 114.5, "unit": "kg", "qty": 0.2 }
  },
  {
    "title": "Pak Choi Wokmiks",
    "subtitle": "Vasket, Norge/ Spania, 250 g",
    "category": { "sub": "Ferdig kuttede salater", "parent": "Frukt og grønt" },
    "price": { "price": 33.1, "unitPrice": 132.4, "unit": "kg", "qty": 0.25 }
  },
  {
    "title": "Råkostmiks",
    "subtitle": "Vasket, Norge, 225 g",
    "category": { "sub": "Ferdig kuttede salater", "parent": "Frukt og grønt" },
    "price": { "price": 22, "unitPrice": 97.78, "unit": "kg", "qty": 0.22 }
  },
  {
    "title": "Rød og Grønn salatmiks",
    "subtitle": "Vasket, Spania, 150 g",
    "category": { "sub": "Ferdig kuttede salater", "parent": "Frukt og grønt" },
    "price": { "price": 42.5, "unitPrice": 283.33, "unit": "kg", "qty": 0.15 }
  },
  {
    "title": "Romano Mix",
    "subtitle": "Vasket, Italia/Spania, 175 g",
    "category": { "sub": "Ferdig kuttede salater", "parent": "Frukt og grønt" },
    "price": { "price": 30.4, "unitPrice": 173.71, "unit": "kg", "qty": 0.18 }
  },
  {
    "title": "Salatblanding LUX",
    "subtitle": "Vasket, Italia/ Spania, 1 kg",
    "category": { "sub": "Ferdig kuttede salater", "parent": "Frukt og grønt" },
    "price": { "price": 99.2, "unitPrice": 99.2, "unit": "kg", "qty": 1 }
  },
  {
    "title": "Salatmix Isberg og Radiccio",
    "subtitle": "Vasket, Spania, 250 g",
    "category": { "sub": "Ferdig kuttede salater", "parent": "Frukt og grønt" },
    "price": { "price": 29, "unitPrice": 116, "unit": "kg", "qty": 0.25 }
  },
  {
    "title": "Spinat Vasket",
    "subtitle": "Italia, 125 g",
    "category": { "sub": "Ferdig kuttede salater", "parent": "Frukt og grønt" },
    "price": { "price": 18.9, "unitPrice": 151.2, "unit": "kg", "qty": 0.13 }
  },
  {
    "title": "Svartkål Wokmiks",
    "subtitle": "Vasket, Norge, 200 g",
    "category": { "sub": "Ferdig kuttede salater", "parent": "Frukt og grønt" },
    "price": { "price": 29, "unitPrice": 145, "unit": "kg", "qty": 0.2 }
  },
  {
    "title": "Wokmiks Premium",
    "subtitle": "Vasket,Norge, 250 g",
    "category": { "sub": "Ferdig kuttede salater", "parent": "Frukt og grønt" },
    "price": { "price": 31, "unitPrice": 124, "unit": "kg", "qty": 0.25 }
  },
  {
    "title": "Ruccula",
    "subtitle": "Vasket, Italia, 70 g",
    "category": { "sub": "Ferdig kuttede salater", "parent": "Frukt og grønt" },
    "price": { "price": 24, "unitPrice": 342.86, "unit": "kg", "qty": 0.07 }
  },
  {
    "title": "Rekesalat",
    "subtitle": "1 stk",
    "category": { "sub": "Ferdig kuttede salater", "parent": "Frukt og grønt" },
    "price": { "price": 109, "unitPrice": 109, "unit": "stk", "qty": 1 }
  },
  {
    "title": "Hjertesalat",
    "subtitle": "Spania, 2 stk",
    "category": { "sub": "Salater og kål", "parent": "Frukt og grønt" },
    "price": { "price": 12.9, "unitPrice": 6.45, "unit": "stk", "qty": 2 }
  },
  {
    "title": "Crispisalat",
    "subtitle": "Beger, Spania, 1 stk",
    "category": { "sub": "Salater og kål", "parent": "Frukt og grønt" },
    "price": { "price": 28.4, "unitPrice": 28.4, "unit": "stk", "qty": 1 }
  },
  {
    "title": "Ruccula",
    "subtitle": "Vasket, Italia, 70 g",
    "category": { "sub": "Salater og kål", "parent": "Frukt og grønt" },
    "price": { "price": 24, "unitPrice": 342.86, "unit": "kg", "qty": 0.07 }
  },
  {
    "title": "Isbergsalat",
    "subtitle": "Spania, 1 stk",
    "category": { "sub": "Salater og kål", "parent": "Frukt og grønt" },
    "price": { "price": 19.9, "unitPrice": 19.9, "unit": "stk", "qty": 1 }
  },
  {
    "title": "Babyleaf Salatblanding",
    "subtitle": "Spania/ Italia, 100 g",
    "category": { "sub": "Salater og kål", "parent": "Frukt og grønt" },
    "price": { "price": 30, "unitPrice": 300, "unit": "kg", "qty": 0.1 }
  },
  {
    "title": "Ruccola",
    "subtitle": "Italia, 75 g",
    "category": { "sub": "Salater og kål", "parent": "Frukt og grønt" },
    "price": { "price": 21.9, "unitPrice": 292, "unit": "kg", "qty": 0.07 }
  },
  {
    "title": "Ruccola mix",
    "subtitle": "Vasket, Italia/Spania, 175 g",
    "category": { "sub": "Salater og kål", "parent": "Frukt og grønt" },
    "price": { "price": 23.1, "unitPrice": 132, "unit": "kg", "qty": 0.18 }
  },
  {
    "title": "Salatblanding Premium",
    "subtitle": "Spania/ Italia, 100 g",
    "category": { "sub": "Salater og kål", "parent": "Frukt og grønt" },
    "price": { "price": 30.5, "unitPrice": 305, "unit": "kg", "qty": 0.1 }
  },
  {
    "title": "Spinat Uvasket",
    "subtitle": "Spania, 250 g",
    "category": { "sub": "Salater og kål", "parent": "Frukt og grønt" },
    "price": { "price": 35, "unitPrice": 140, "unit": "kg", "qty": 0.25 }
  },
  {
    "title": "Babyspinat",
    "subtitle": "Uvasket Spania, 100 g",
    "category": { "sub": "Salater og kål", "parent": "Frukt og grønt" },
    "price": { "price": 27.9, "unitPrice": 279, "unit": "kg", "qty": 0.1 }
  },
  {
    "title": "Feldsalat",
    "subtitle": "Nederland, 1 stk",
    "category": { "sub": "Salater og kål", "parent": "Frukt og grønt" },
    "price": { "price": 31.6, "unitPrice": 31.6, "unit": "stk", "qty": 1 }
  },
  {
    "title": "Grønnkål",
    "subtitle": "Norge, 200 g",
    "category": { "sub": "Salater og kål", "parent": "Frukt og grønt" },
    "price": { "price": 32.5, "unitPrice": 162.5, "unit": "kg", "qty": 0.2 }
  },
  {
    "title": "Rapidsalat",
    "subtitle": "Norge, 1 stk",
    "category": { "sub": "Salater og kål", "parent": "Frukt og grønt" },
    "price": { "price": 24.2, "unitPrice": 24.2, "unit": "stk", "qty": 1 }
  },
  {
    "title": "Mini Pak Choi",
    "subtitle": "Italia/ Nederland, 125 g",
    "category": { "sub": "Salater og kål", "parent": "Frukt og grønt" },
    "price": { "price": 24.9, "unitPrice": 199.2, "unit": "kg", "qty": 0.13 }
  },
  {
    "title": "Romano Grønn",
    "subtitle": "Spania, 1 stk",
    "category": { "sub": "Salater og kål", "parent": "Frukt og grønt" },
    "price": { "price": 29.8, "unitPrice": 29.8, "unit": "stk", "qty": 1 }
  },
  {
    "title": "Økologisk Isbergsalat",
    "subtitle": "Italia, 1 stk",
    "category": { "sub": "Salater og kål", "parent": "Frukt og grønt" },
    "price": { "price": 36.7, "unitPrice": 36.7, "unit": "stk", "qty": 1 }
  },
  {
    "title": "Hodesalat",
    "subtitle": "Nederland, 1 stk",
    "category": { "sub": "Salater og kål", "parent": "Frukt og grønt" },
    "price": { "price": 32.6, "unitPrice": 32.6, "unit": "stk", "qty": 1 }
  },
  {
    "title": "Trippelsalat",
    "subtitle": "Spania/ Italia, 1 stk",
    "category": { "sub": "Salater og kål", "parent": "Frukt og grønt" },
    "price": { "price": 46.2, "unitPrice": 46.2, "unit": "stk", "qty": 1 }
  },
  {
    "title": "Salatblanding Premium Beger",
    "subtitle": "Spania/ Italia, 400 g",
    "category": { "sub": "Salater og kål", "parent": "Frukt og grønt" },
    "price": { "price": 47.4, "unitPrice": 118.5, "unit": "kg", "qty": 0.4 }
  },
  {
    "title": "Kinakål",
    "subtitle": "Spania, 1 stk",
    "category": { "sub": "Salater og kål", "parent": "Frukt og grønt" },
    "price": { "price": 28.8, "unitPrice": 28.8, "unit": "stk", "qty": 1 }
  },
  {
    "title": "Rødkål",
    "subtitle": "Norge, 1,4 kg",
    "category": { "sub": "Salater og kål", "parent": "Frukt og grønt" },
    "price": { "price": 19.6, "unitPrice": 14, "unit": "kg", "qty": 1.4 }
  },
  {
    "title": "Spisskål",
    "subtitle": "Spania, 400 g",
    "category": { "sub": "Salater og kål", "parent": "Frukt og grønt" },
    "price": { "price": 32.6, "unitPrice": 81.5, "unit": "kg", "qty": 0.4 }
  },
  {
    "title": "Hodekål",
    "subtitle": "Norge, 1,5 kg",
    "category": { "sub": "Salater og kål", "parent": "Frukt og grønt" },
    "price": { "price": 20.1, "unitPrice": 13.4, "unit": "kg", "qty": 1.5 }
  },
  {
    "title": "Batavia Grønn",
    "subtitle": "Spania/ Italia, 1 stk",
    "category": { "sub": "Salater og kål", "parent": "Frukt og grønt" },
    "price": { "price": 41.4, "unitPrice": 41.4, "unit": "stk", "qty": 1 }
  },
  {
    "title": "Ekeblad Grønn",
    "subtitle": "Spania/ Italia, 1 stk",
    "category": { "sub": "Salater og kål", "parent": "Frukt og grønt" },
    "price": { "price": 38.2, "unitPrice": 38.2, "unit": "stk", "qty": 1 }
  },
  {
    "title": "Ekeblad Rød",
    "subtitle": "Spania/ Italia, 1 stk",
    "category": { "sub": "Salater og kål", "parent": "Frukt og grønt" },
    "price": { "price": 38.2, "unitPrice": 38.2, "unit": "stk", "qty": 1 }
  },
  {
    "title": "Friséesalat",
    "subtitle": "Spania/ Italia, 1 stk",
    "category": { "sub": "Salater og kål", "parent": "Frukt og grønt" },
    "price": { "price": 41.5, "unitPrice": 41.5, "unit": "stk", "qty": 1 }
  },
  {
    "title": "Lollosalat Grønn",
    "subtitle": "Spania/ Italia, 1 stk",
    "category": { "sub": "Salater og kål", "parent": "Frukt og grønt" },
    "price": { "price": 38.2, "unitPrice": 38.2, "unit": "stk", "qty": 1 }
  },
  {
    "title": "Lollosalat Rød",
    "subtitle": "Spania/ Italia, 1 stk",
    "category": { "sub": "Salater og kål", "parent": "Frukt og grønt" },
    "price": { "price": 38.2, "unitPrice": 38.2, "unit": "stk", "qty": 1 }
  },
  {
    "title": "Brokkoliris",
    "subtitle": "Spania, 200 g",
    "category": { "sub": "Salater og kål", "parent": "Frukt og grønt" },
    "price": { "price": 27.3, "unitPrice": 136.5, "unit": "kg", "qty": 0.2 }
  },
  {
    "title": "Blomkålris",
    "subtitle": "Spania, 200 g",
    "category": { "sub": "Salater og kål", "parent": "Frukt og grønt" },
    "price": { "price": 28.3, "unitPrice": 141.5, "unit": "kg", "qty": 0.2 }
  },
  {
    "title": "Knutekål",
    "subtitle": "Italia, 300 g",
    "category": { "sub": "Salater og kål", "parent": "Frukt og grønt" },
    "price": { "price": 24.2, "unitPrice": 80.67, "unit": "kg", "qty": 0.3 }
  },
  {
    "title": "Radicchio Rosso",
    "subtitle": "Spania/ Italia, 1 stk",
    "category": { "sub": "Salater og kål", "parent": "Frukt og grønt" },
    "price": { "price": 36.8, "unitPrice": 147.2, "unit": "kg", "qty": 0.25 }
  },
  {
    "title": "Økologisk Hodekål",
    "subtitle": "Norge, 600 g",
    "category": { "sub": "Salater og kål", "parent": "Frukt og grønt" },
    "price": { "price": 42.5, "unitPrice": 70.83, "unit": "kg", "qty": 0.6 }
  },
  {
    "title": "Romano Grovkuttet",
    "subtitle": "Vasket, Spania, 500 g",
    "category": { "sub": "Salater og kål", "parent": "Frukt og grønt" },
    "price": { "price": 58.9, "unitPrice": 117.8, "unit": "kg", "qty": 0.5 }
  },
  {
    "title": "Crispisalat",
    "subtitle": "Spania, 400 g",
    "category": { "sub": "Salater og kål", "parent": "Frukt og grønt" },
    "price": { "price": 66.6, "unitPrice": 166.5, "unit": "kg", "qty": 0.4 }
  },
  {
    "title": "Økologisk Babyleaf Miks",
    "subtitle": "Italia, 1 stk",
    "category": { "sub": "Salater og kål", "parent": "Frukt og grønt" },
    "price": { "price": 43.5, "unitPrice": 580, "unit": "kg", "qty": 0.07 }
  },
  {
    "title": "Blomkålris",
    "subtitle": "Spania, 200 g",
    "category": {
      "sub": "Ferdigkuttet frukt og grønt",
      "parent": "Frukt og grønt"
    },
    "price": { "price": 28.3, "unitPrice": 141.5, "unit": "kg", "qty": 0.2 }
  },
  {
    "title": "Brokkoliris",
    "subtitle": "Spania, 200 g",
    "category": {
      "sub": "Ferdigkuttet frukt og grønt",
      "parent": "Frukt og grønt"
    },
    "price": { "price": 27.3, "unitPrice": 136.5, "unit": "kg", "qty": 0.2 }
  },
  {
    "title": "Ratatouilleblanding",
    "subtitle": "Ferdigkuttet, Spania/ Holland/ Norge, 250 g",
    "category": {
      "sub": "Ferdigkuttet frukt og grønt",
      "parent": "Frukt og grønt"
    },
    "price": { "price": 36.7, "unitPrice": 146.8, "unit": "kg", "qty": 0.25 }
  },
  {
    "title": "Brokkolini",
    "subtitle": "Kenya, 200 g",
    "category": {
      "sub": "Ferdigkuttet frukt og grønt",
      "parent": "Frukt og grønt"
    },
    "price": { "price": 48, "unitPrice": 240, "unit": "kg", "qty": 0.2 }
  },
  {
    "title": "Blomkålbuketter",
    "subtitle": "Vasket, Spania, 150 g",
    "category": {
      "sub": "Ferdigkuttet frukt og grønt",
      "parent": "Frukt og grønt"
    },
    "price": { "price": 32.1, "unitPrice": 214, "unit": "kg", "qty": 0.15 }
  },
  {
    "title": "Brokkolini Topper",
    "subtitle": "Kenya/ Spania, 150 g",
    "category": {
      "sub": "Ferdigkuttet frukt og grønt",
      "parent": "Frukt og grønt"
    },
    "price": { "price": 46.5, "unitPrice": 310, "unit": "kg", "qty": 0.15 }
  },
  {
    "title": "Stekemix med Aspargesbønner Gulrot & Løk",
    "subtitle": "Norge/ Marokko, 200 g",
    "category": {
      "sub": "Ferdigkuttet frukt og grønt",
      "parent": "Frukt og grønt"
    },
    "price": { "price": 41.5, "unitPrice": 207.5, "unit": "kg", "qty": 0.2 }
  },
  {
    "title": "Brokkolibuketter",
    "subtitle": "Vasket, Spania, 150 g",
    "category": {
      "sub": "Ferdigkuttet frukt og grønt",
      "parent": "Frukt og grønt"
    },
    "price": { "price": 30.5, "unitPrice": 203.33, "unit": "kg", "qty": 0.15 }
  },
  {
    "title": "Stekemix med Aspargesbrokkoli, Gulrot & Løk",
    "subtitle": "Kenya, 200 g",
    "category": {
      "sub": "Ferdigkuttet frukt og grønt",
      "parent": "Frukt og grønt"
    },
    "price": { "price": 41.5, "unitPrice": 207.5, "unit": "kg", "qty": 0.2 }
  },
  {
    "title": "Gulrot i Staver",
    "subtitle": "Norge, 180 g",
    "category": {
      "sub": "Ferdigkuttet frukt og grønt",
      "parent": "Frukt og grønt"
    },
    "price": { "price": 24.3, "unitPrice": 135, "unit": "kg", "qty": 0.18 }
  },
  {
    "title": "Spinat Vasket",
    "subtitle": "Italia, 125 g",
    "category": {
      "sub": "Ferdigkuttet frukt og grønt",
      "parent": "Frukt og grønt"
    },
    "price": { "price": 18.9, "unitPrice": 151.2, "unit": "kg", "qty": 0.13 }
  },
  {
    "title": "Romano Mix",
    "subtitle": "Vasket, Italia/Spania, 175 g",
    "category": {
      "sub": "Ferdigkuttet frukt og grønt",
      "parent": "Frukt og grønt"
    },
    "price": { "price": 30.4, "unitPrice": 173.71, "unit": "kg", "qty": 0.18 }
  },
  {
    "title": "Grønnkål uten Stilk",
    "subtitle": "Vasket, Norge, 125 g",
    "category": {
      "sub": "Ferdigkuttet frukt og grønt",
      "parent": "Frukt og grønt"
    },
    "price": { "price": 25.4, "unitPrice": 203.2, "unit": "kg", "qty": 0.13 }
  },
  {
    "title": "Babyleafmiks",
    "subtitle": "Vasket, Italia, 175 g",
    "category": {
      "sub": "Ferdigkuttet frukt og grønt",
      "parent": "Frukt og grønt"
    },
    "price": { "price": 47.1, "unitPrice": 269.14, "unit": "kg", "qty": 0.18 }
  },
  {
    "title": "Grønnkål Miks",
    "subtitle": "Vasket, Norge, 250 g",
    "category": {
      "sub": "Ferdigkuttet frukt og grønt",
      "parent": "Frukt og grønt"
    },
    "price": { "price": 31, "unitPrice": 124, "unit": "kg", "qty": 0.25 }
  },
  {
    "title": "Råkostmiks",
    "subtitle": "Vasket, Norge, 225 g",
    "category": {
      "sub": "Ferdigkuttet frukt og grønt",
      "parent": "Frukt og grønt"
    },
    "price": { "price": 22, "unitPrice": 97.78, "unit": "kg", "qty": 0.22 }
  },
  {
    "title": "Gourmetsalat",
    "subtitle": "Vasket,Spania, 200 g",
    "category": {
      "sub": "Ferdigkuttet frukt og grønt",
      "parent": "Frukt og grønt"
    },
    "price": { "price": 40.5, "unitPrice": 202.5, "unit": "kg", "qty": 0.2 }
  },
  {
    "title": "Salatmix Isberg og Radiccio",
    "subtitle": "Vasket, Spania, 250 g",
    "category": {
      "sub": "Ferdigkuttet frukt og grønt",
      "parent": "Frukt og grønt"
    },
    "price": { "price": 29, "unitPrice": 116, "unit": "kg", "qty": 0.25 }
  },
  {
    "title": "Isbergmiks",
    "subtitle": "Vasket, Spania, 200 g",
    "category": {
      "sub": "Ferdigkuttet frukt og grønt",
      "parent": "Frukt og grønt"
    },
    "price": { "price": 22.9, "unitPrice": 114.5, "unit": "kg", "qty": 0.2 }
  },
  {
    "title": "Rød og Grønn salatmiks",
    "subtitle": "Vasket, Spania, 150 g",
    "category": {
      "sub": "Ferdigkuttet frukt og grønt",
      "parent": "Frukt og grønt"
    },
    "price": { "price": 42.5, "unitPrice": 283.33, "unit": "kg", "qty": 0.15 }
  },
  {
    "title": "Stor Agurk",
    "subtitle": "Norsk, 1 stk",
    "category": { "sub": "Grønnsaker", "parent": "Frukt og grønt" },
    "price": { "price": 28.8, "unitPrice": 28.8, "unit": "stk", "qty": 1 }
  },
  {
    "title": "Miniagurk",
    "subtitle": "Beger, Holland, 150 g",
    "category": { "sub": "Grønnsaker", "parent": "Frukt og grønt" },
    "price": { "price": 35.2, "unitPrice": 234.67, "unit": "kg", "qty": 0.15 }
  },
  {
    "title": "Liten Agurk",
    "subtitle": "Vår Laveste Pris, Norge/Holland, 1 stk",
    "category": { "sub": "Grønnsaker", "parent": "Frukt og grønt" },
    "price": { "price": 16.9, "unitPrice": 16.9, "unit": "stk", "qty": 1 }
  },
  {
    "title": "Tomater, Piccolo",
    "subtitle": "Norge, 200 g",
    "category": { "sub": "Grønnsaker", "parent": "Frukt og grønt" },
    "price": { "price": 49.5, "unitPrice": 247.5, "unit": "kg", "qty": 0.2 }
  },
  {
    "title": "Mini Plommetomat i Beger",
    "subtitle": "Norge, 175 g",
    "category": { "sub": "Grønnsaker", "parent": "Frukt og grønt" },
    "price": { "price": 32.6, "unitPrice": 186.29, "unit": "kg", "qty": 0.17 }
  },
  {
    "title": "Cherrytomater, klase",
    "subtitle": "Holland, 400 g",
    "category": { "sub": "Grønnsaker", "parent": "Frukt og grønt" },
    "price": { "price": 46.9, "unitPrice": 117.25, "unit": "kg", "qty": 0.4 }
  },
  {
    "title": "Ekstra Søte Honningtomater",
    "subtitle": "Holland, 180 g",
    "category": { "sub": "Grønnsaker", "parent": "Frukt og grønt" },
    "price": { "price": 69.9, "unitPrice": 388.33, "unit": "kg", "qty": 0.18 }
  },
  {
    "title": "Plommetomat",
    "subtitle": "Holland, 500 g",
    "category": { "sub": "Grønnsaker", "parent": "Frukt og grønt" },
    "price": { "price": 54, "unitPrice": 108, "unit": "kg", "qty": 0.5 }
  },
  {
    "title": "Økologiske Cherrytomater",
    "subtitle": "Spania, 200 g",
    "category": { "sub": "Grønnsaker", "parent": "Frukt og grønt" },
    "price": { "price": 32.4, "unitPrice": 162, "unit": "kg", "qty": 0.2 }
  },
  {
    "title": "Økologiske Klasetomater",
    "subtitle": "Spania, 500 g",
    "category": { "sub": "Grønnsaker", "parent": "Frukt og grønt" },
    "price": { "price": 58.9, "unitPrice": 117.8, "unit": "kg", "qty": 0.5 }
  },
  {
    "title": "San Marzano Klasetomater",
    "subtitle": "Holland, 250 g",
    "category": { "sub": "Grønnsaker", "parent": "Frukt og grønt" },
    "price": { "price": 39.9, "unitPrice": 159.6, "unit": "kg", "qty": 0.25 }
  },
  {
    "title": "Tomater i klase",
    "subtitle": "Holland, 500 g",
    "category": { "sub": "Grønnsaker", "parent": "Frukt og grønt" },
    "price": { "price": 22.8, "unitPrice": 45.6, "unit": "kg", "qty": 0.5 }
  },
  {
    "title": "Cherrytomater, Røde",
    "subtitle": "Norge/Spania, 250 g",
    "category": { "sub": "Grønnsaker", "parent": "Frukt og grønt" },
    "price": { "price": 17.8, "unitPrice": 71.2, "unit": "kg", "qty": 0.25 }
  },
  {
    "title": "Tomat, Økologisk, 2/3 pk",
    "subtitle": "Holland/Spania, 225 g",
    "category": { "sub": "Grønnsaker", "parent": "Frukt og grønt" },
    "price": { "price": 35.8, "unitPrice": 159.11, "unit": "kg", "qty": 0.23 }
  },
  {
    "title": "Tomatmiks",
    "subtitle": "Spania, 500 g",
    "category": { "sub": "Grønnsaker", "parent": "Frukt og grønt" },
    "price": { "price": 36.9, "unitPrice": 73.8, "unit": "kg", "qty": 0.5 }
  },
  {
    "title": "Cherrytomater, Gule",
    "subtitle": "Spania, 250 g",
    "category": { "sub": "Grønnsaker", "parent": "Frukt og grønt" },
    "price": { "price": 52.9, "unitPrice": 211.6, "unit": "kg", "qty": 0.25 }
  },
  {
    "title": "Tomater",
    "subtitle": "Vår Laveste Pris, Marokko, 500 g",
    "category": { "sub": "Grønnsaker", "parent": "Frukt og grønt" },
    "price": { "price": 15, "unitPrice": 30, "unit": "kg", "qty": 0.5 }
  },
  {
    "title": "Avokado Stor Spisemoden",
    "subtitle": "Peru/Spania, 1 stk",
    "category": { "sub": "Grønnsaker", "parent": "Frukt og grønt" },
    "price": { "price": 36.9, "unitPrice": 97.11, "unit": "kg", "qty": 0.38 }
  },
  {
    "title": "Avokado Snart Moden",
    "subtitle": "ca 7 stk, Colombia/ Mexico",
    "category": { "sub": "Grønnsaker", "parent": "Frukt og grønt" },
    "price": { "price": 79.9, "unitPrice": 79.9, "unit": "kg", "qty": 1 }
  },
  {
    "title": "Avokado Spisemoden",
    "subtitle": "Colombia/Sør-Afrika/ Mexico, 2 stk",
    "category": { "sub": "Grønnsaker", "parent": "Frukt og grønt" },
    "price": { "price": 24.9, "unitPrice": 83, "unit": "kg", "qty": 0.3 }
  },
  {
    "title": "Økologisk Avokado",
    "subtitle": "Mexico, 2 stk",
    "category": { "sub": "Grønnsaker", "parent": "Frukt og grønt" },
    "price": { "price": 47.2, "unitPrice": 181.54, "unit": "kg", "qty": 0.26 }
  },
  {
    "title": "Gulrøtter vasket",
    "subtitle": "Norge, 1 kg",
    "category": { "sub": "Grønnsaker", "parent": "Frukt og grønt" },
    "price": { "price": 35.9, "unitPrice": 35.9, "unit": "kg", "qty": 1 }
  },
  {
    "title": "Knaskerøtter",
    "subtitle": "Portugal, 165 g",
    "category": { "sub": "Grønnsaker", "parent": "Frukt og grønt" },
    "price": { "price": 21.7, "unitPrice": 131.52, "unit": "kg", "qty": 0.16 }
  },
  {
    "title": "Økologiske Gulrøtter",
    "subtitle": "Norge, 750 g",
    "category": { "sub": "Grønnsaker", "parent": "Frukt og grønt" },
    "price": { "price": 33.4, "unitPrice": 44.53, "unit": "kg", "qty": 0.75 }
  },
  {
    "title": "Minigulrot",
    "subtitle": "Pose, Norge, 150 g",
    "category": { "sub": "Grønnsaker", "parent": "Frukt og grønt" },
    "price": { "price": 24.5, "unitPrice": 163.33, "unit": "kg", "qty": 0.15 }
  },
  {
    "title": "Gulrot i Staver",
    "subtitle": "Norge, 180 g",
    "category": { "sub": "Grønnsaker", "parent": "Frukt og grønt" },
    "price": { "price": 24.3, "unitPrice": 135, "unit": "kg", "qty": 0.18 }
  },
  {
    "title": "Hvitløk",
    "subtitle": "2-3pk, Kina, 100 g",
    "category": { "sub": "Grønnsaker", "parent": "Frukt og grønt" },
    "price": { "price": 15, "unitPrice": 150, "unit": "kg", "qty": 0.1 }
  },
  {
    "title": "Kinesisk Hvitløk u/Fedd",
    "subtitle": "hele, Kina, 100 g",
    "category": { "sub": "Grønnsaker", "parent": "Frukt og grønt" },
    "price": { "price": 19.8, "unitPrice": 198, "unit": "kg", "qty": 0.1 }
  },
  {
    "title": "Økologisk Hvitløk",
    "subtitle": "Spania, 3 stk",
    "category": { "sub": "Grønnsaker", "parent": "Frukt og grønt" },
    "price": { "price": 30.4, "unitPrice": 202.67, "unit": "kg", "qty": 0.15 }
  },
  {
    "title": "Aromasopp",
    "subtitle": "Polen, 250 g",
    "category": { "sub": "Grønnsaker", "parent": "Frukt og grønt" },
    "price": { "price": 29.3, "unitPrice": 117.2, "unit": "kg", "qty": 0.25 }
  },
  {
    "title": "Brokkoli",
    "subtitle": "Spania, 1 stk",
    "category": { "sub": "Grønnsaker", "parent": "Frukt og grønt" },
    "price": { "price": 12.9, "unitPrice": 12.9, "unit": "stk", "qty": 1 }
  },
  {
    "title": "Brokkoli",
    "subtitle": "Økologisk, Spania, 1 stk",
    "category": { "sub": "Grønnsaker", "parent": "Frukt og grønt" },
    "price": { "price": 35.5, "unitPrice": 35.5, "unit": "stk", "qty": 1 }
  },
  {
    "title": "Brokkolini",
    "subtitle": "Kenya, 200 g",
    "category": { "sub": "Grønnsaker", "parent": "Frukt og grønt" },
    "price": { "price": 48, "unitPrice": 240, "unit": "kg", "qty": 0.2 }
  },
  {
    "title": "Brokkolini Topper",
    "subtitle": "Kenya/ Spania, 150 g",
    "category": { "sub": "Grønnsaker", "parent": "Frukt og grønt" },
    "price": { "price": 46.5, "unitPrice": 310, "unit": "kg", "qty": 0.15 }
  },
  {
    "title": "Blomkål",
    "subtitle": "Spania, 1 stk",
    "category": { "sub": "Grønnsaker", "parent": "Frukt og grønt" },
    "price": { "price": 16.9, "unitPrice": 16.9, "unit": "stk", "qty": 1 }
  },
  {
    "title": "Økologisk Blomkål",
    "subtitle": "Spania, 1 stk",
    "category": { "sub": "Grønnsaker", "parent": "Frukt og grønt" },
    "price": { "price": 44.9, "unitPrice": 44.9, "unit": "stk", "qty": 1 }
  },
  {
    "title": "Vårløk i Bunt",
    "subtitle": "Marokko, 150 g",
    "category": { "sub": "Grønnsaker", "parent": "Frukt og grønt" },
    "price": { "price": 28.8, "unitPrice": 192, "unit": "kg", "qty": 0.15 }
  },
  {
    "title": "Purreløk",
    "subtitle": "Norge, 1 stk",
    "category": { "sub": "Grønnsaker", "parent": "Frukt og grønt" },
    "price": { "price": 14.9, "unitPrice": 46.56, "unit": "kg", "qty": 0.32 }
  },
  {
    "title": "Sjalottløk",
    "subtitle": "I nett, Frankrike, 250 g",
    "category": { "sub": "Grønnsaker", "parent": "Frukt og grønt" },
    "price": { "price": 22.7, "unitPrice": 90.8, "unit": "kg", "qty": 0.25 }
  },
  {
    "title": "Økologisk Rødløk",
    "subtitle": "Nederland, 500 g",
    "category": { "sub": "Grønnsaker", "parent": "Frukt og grønt" },
    "price": { "price": 35.5, "unitPrice": 71, "unit": "kg", "qty": 0.5 }
  },
  {
    "title": "Rødløk Skivet",
    "subtitle": "Norge, 250 g",
    "category": { "sub": "Grønnsaker", "parent": "Frukt og grønt" },
    "price": { "price": 22.9, "unitPrice": 91.6, "unit": "kg", "qty": 0.25 }
  },
  {
    "title": "Rødløk Strømpe",
    "subtitle": "2 stk Norge, 375 g",
    "category": { "sub": "Grønnsaker", "parent": "Frukt og grønt" },
    "price": { "price": 19.4, "unitPrice": 51.73, "unit": "kg", "qty": 0.38 }
  },
  {
    "title": "Gul Løk",
    "subtitle": "2 stk, Norge, 500 g",
    "category": { "sub": "Grønnsaker", "parent": "Frukt og grønt" },
    "price": { "price": 16.7, "unitPrice": 33.4, "unit": "kg", "qty": 0.5 }
  },
  {
    "title": "Økologisk Gul Løk",
    "subtitle": "Nederland, 500 g",
    "category": { "sub": "Grønnsaker", "parent": "Frukt og grønt" },
    "price": { "price": 25.3, "unitPrice": 50.6, "unit": "kg", "qty": 0.5 }
  },
  {
    "title": "Gul Løk Laveste Pris",
    "subtitle": "Norge, 1 kg",
    "category": { "sub": "Grønnsaker", "parent": "Frukt og grønt" },
    "price": { "price": 19, "unitPrice": 19, "unit": "kg", "qty": 1 }
  },
  {
    "title": "Gul Løk",
    "subtitle": "Norge, 4 stk",
    "category": { "sub": "Grønnsaker", "parent": "Frukt og grønt" },
    "price": { "price": 19.3, "unitPrice": 30.63, "unit": "kg", "qty": 0.63 }
  },
  {
    "title": "Squash Grønn",
    "subtitle": "Holland, 1 stk",
    "category": { "sub": "Grønnsaker", "parent": "Frukt og grønt" },
    "price": { "price": 31.8, "unitPrice": 99.38, "unit": "kg", "qty": 0.32 }
  },
  {
    "title": "Økologisk Squash",
    "subtitle": "Spania, 1 stk",
    "category": { "sub": "Grønnsaker", "parent": "Frukt og grønt" },
    "price": { "price": 32.8, "unitPrice": 182.22, "unit": "kg", "qty": 0.18 }
  },
  {
    "title": "Aubergine",
    "subtitle": "Nederland, 1 stk",
    "category": { "sub": "Grønnsaker", "parent": "Frukt og grønt" },
    "price": { "price": 26.4, "unitPrice": 120, "unit": "kg", "qty": 0.22 }
  },
  {
    "title": "Champignon",
    "subtitle": "Kurv, Polen, 250 g",
    "category": { "sub": "Grønnsaker", "parent": "Frukt og grønt" },
    "price": { "price": 10, "unitPrice": 40, "unit": "kg", "qty": 0.25 }
  },
  {
    "title": "Aspargestopper",
    "subtitle": "Peru, 100 g",
    "category": { "sub": "Grønnsaker", "parent": "Frukt og grønt" },
    "price": { "price": 54.4, "unitPrice": 544, "unit": "kg", "qty": 0.1 }
  },
  {
    "title": "Asparges i Bunt",
    "subtitle": "Peru, 250 g",
    "category": { "sub": "Grønnsaker", "parent": "Frukt og grønt" },
    "price": { "price": 43.1, "unitPrice": 172.4, "unit": "kg", "qty": 0.25 }
  },
  {
    "title": "Sukkererter",
    "subtitle": "Zimbabwe, 150 g",
    "category": { "sub": "Grønnsaker", "parent": "Frukt og grønt" },
    "price": { "price": 12.6, "unitPrice": 84, "unit": "kg", "qty": 0.15 }
  },
  {
    "title": "Aspargesbønner",
    "subtitle": "Kenya, 150 g",
    "category": { "sub": "Grønnsaker", "parent": "Frukt og grønt" },
    "price": { "price": 36.3, "unitPrice": 242, "unit": "kg", "qty": 0.15 }
  },
  {
    "title": "Ingefær",
    "subtitle": "Kina, 500 g",
    "category": { "sub": "Grønnsaker", "parent": "Frukt og grønt" },
    "price": { "price": 48.8, "unitPrice": 97.6, "unit": "kg", "qty": 0.5 }
  },
  {
    "title": "Ingefær",
    "subtitle": "Kina, 100 g",
    "category": { "sub": "Grønnsaker", "parent": "Frukt og grønt" },
    "price": { "price": 10.4, "unitPrice": 104, "unit": "kg", "qty": 0.1 }
  },
  {
    "title": "Rød mini Paprika, Ekstra Søte",
    "subtitle": "Holland/Norge, 150 g",
    "category": { "sub": "Grønnsaker", "parent": "Frukt og grønt" },
    "price": { "price": 32.6, "unitPrice": 217.33, "unit": "kg", "qty": 0.15 }
  },
  {
    "title": "Orange mini Paprika, ekstra søte",
    "subtitle": "Holland/Norge, 150 g",
    "category": { "sub": "Grønnsaker", "parent": "Frukt og grønt" },
    "price": { "price": 32.6, "unitPrice": 217.33, "unit": "kg", "qty": 0.15 }
  },
  {
    "title": "Grønn Paprika",
    "subtitle": "Spania, 2 stk",
    "category": { "sub": "Grønnsaker", "parent": "Frukt og grønt" },
    "price": { "price": 34.3, "unitPrice": 65.96, "unit": "kg", "qty": 0.52 }
  },
  {
    "title": "Gul Paprika",
    "subtitle": "Spania, 2 stk",
    "category": { "sub": "Grønnsaker", "parent": "Frukt og grønt" },
    "price": { "price": 34.3, "unitPrice": 65.96, "unit": "kg", "qty": 0.52 }
  },
  {
    "title": "Økologisk Rød Paprika",
    "subtitle": "Spania, 1 stk",
    "category": { "sub": "Grønnsaker", "parent": "Frukt og grønt" },
    "price": { "price": 27.3, "unitPrice": 218.4, "unit": "kg", "qty": 0.13 }
  },
  {
    "title": "Paprika Rød",
    "subtitle": "Spania, 2 stk",
    "category": { "sub": "Grønnsaker", "parent": "Frukt og grønt" },
    "price": { "price": 26.6, "unitPrice": 53.2, "unit": "kg", "qty": 0.5 }
  },
  {
    "title": "Paprika Mix 3 pk Gul, Grønn & Rød",
    "subtitle": "Spania, 400 g",
    "category": { "sub": "Grønnsaker", "parent": "Frukt og grønt" },
    "price": { "price": 54.4, "unitPrice": 136, "unit": "kg", "qty": 0.4 }
  },
  {
    "title": "Spisspaprika Rød",
    "subtitle": "2 stk, Spania, 210 g",
    "category": { "sub": "Grønnsaker", "parent": "Frukt og grønt" },
    "price": { "price": 19.9, "unitPrice": 94.76, "unit": "kg", "qty": 0.21 }
  },
  {
    "title": "Rød Paprika Skivet",
    "subtitle": "Spania, 500 g",
    "category": { "sub": "Grønnsaker", "parent": "Frukt og grønt" },
    "price": { "price": 65.3, "unitPrice": 130.6, "unit": "kg", "qty": 0.5 }
  },
  {
    "title": "Chilipepper Rød",
    "subtitle": "Spania, 50 g",
    "category": { "sub": "Grønnsaker", "parent": "Frukt og grønt" },
    "price": { "price": 18.8, "unitPrice": 376, "unit": "kg", "qty": 0.05 }
  },
  {
    "title": "Chilipepper Grønn",
    "subtitle": "Spania, 50 g",
    "category": { "sub": "Grønnsaker", "parent": "Frukt og grønt" },
    "price": { "price": 22.8, "unitPrice": 456, "unit": "kg", "qty": 0.05 }
  },
  {
    "title": "Habanero Rød",
    "subtitle": "Kenya, 50 g",
    "category": { "sub": "Grønnsaker", "parent": "Frukt og grønt" },
    "price": { "price": 24.8, "unitPrice": 496, "unit": "kg", "qty": 0.05 }
  },
  {
    "title": "Jalapeño Grønn",
    "subtitle": "Spania, 50 g",
    "category": { "sub": "Grønnsaker", "parent": "Frukt og grønt" },
    "price": { "price": 26.2, "unitPrice": 524, "unit": "kg", "qty": 0.05 }
  },
  {
    "title": "Stangselleri",
    "subtitle": "Spania, 1 stk",
    "category": { "sub": "Grønnsaker", "parent": "Frukt og grønt" },
    "price": { "price": 20.1, "unitPrice": 20.1, "unit": "stk", "qty": 1 }
  },
  {
    "title": "Økologisk Stangselleri",
    "subtitle": "Spania, 1 stk",
    "category": { "sub": "Grønnsaker", "parent": "Frukt og grønt" },
    "price": { "price": 34.8, "unitPrice": 34.8, "unit": "stk", "qty": 1 }
  },
  {
    "title": "Sellerirot",
    "subtitle": "1 stk Norge, 500 g",
    "category": { "sub": "Grønnsaker", "parent": "Frukt og grønt" },
    "price": { "price": 33.2, "unitPrice": 66.4, "unit": "kg", "qty": 0.5 }
  },
  {
    "title": "Økologisk Avokado",
    "subtitle": "Mexico, 2 stk",
    "category": {
      "sub": "Økologisk frukt og grønt",
      "parent": "Frukt og grønt"
    },
    "price": { "price": 47.2, "unitPrice": 181.54, "unit": "kg", "qty": 0.26 }
  },
  {
    "title": "Økologiske Cherrytomater",
    "subtitle": "Spania, 200 g",
    "category": {
      "sub": "Økologisk frukt og grønt",
      "parent": "Frukt og grønt"
    },
    "price": { "price": 32.4, "unitPrice": 162, "unit": "kg", "qty": 0.2 }
  },
  {
    "title": "Tomat, Økologisk, 2/3 pk",
    "subtitle": "Holland/Spania, 225 g",
    "category": {
      "sub": "Økologisk frukt og grønt",
      "parent": "Frukt og grønt"
    },
    "price": { "price": 35.8, "unitPrice": 159.11, "unit": "kg", "qty": 0.23 }
  },
  {
    "title": "Økologiske Klasetomater",
    "subtitle": "Spania, 500 g",
    "category": {
      "sub": "Økologisk frukt og grønt",
      "parent": "Frukt og grønt"
    },
    "price": { "price": 58.9, "unitPrice": 117.8, "unit": "kg", "qty": 0.5 }
  },
  {
    "title": "Brokkoli",
    "subtitle": "Økologisk, Spania, 1 stk",
    "category": {
      "sub": "Økologisk frukt og grønt",
      "parent": "Frukt og grønt"
    },
    "price": { "price": 35.5, "unitPrice": 35.5, "unit": "stk", "qty": 1 }
  },
  {
    "title": "Økologiske Gulrøtter",
    "subtitle": "Norge, 750 g",
    "category": {
      "sub": "Økologisk frukt og grønt",
      "parent": "Frukt og grønt"
    },
    "price": { "price": 33.4, "unitPrice": 44.53, "unit": "kg", "qty": 0.75 }
  },
  {
    "title": "Økologisk Blomkål",
    "subtitle": "Spania, 1 stk",
    "category": {
      "sub": "Økologisk frukt og grønt",
      "parent": "Frukt og grønt"
    },
    "price": { "price": 44.9, "unitPrice": 44.9, "unit": "stk", "qty": 1 }
  },
  {
    "title": "Økologisk Hodekål",
    "subtitle": "Norge, 600 g",
    "category": {
      "sub": "Økologisk frukt og grønt",
      "parent": "Frukt og grønt"
    },
    "price": { "price": 42.5, "unitPrice": 70.83, "unit": "kg", "qty": 0.6 }
  },
  {
    "title": "Kålrot",
    "subtitle": "Økologisk, Norge, 1 stk",
    "category": {
      "sub": "Økologisk frukt og grønt",
      "parent": "Frukt og grønt"
    },
    "price": { "price": 35.5, "unitPrice": 37.37, "unit": "kg", "qty": 0.95 }
  },
  {
    "title": "Økologisk Agurk",
    "subtitle": "Spania, 1 stk",
    "category": {
      "sub": "Økologisk frukt og grønt",
      "parent": "Frukt og grønt"
    },
    "price": { "price": 25.8, "unitPrice": 25.8, "unit": "stk", "qty": 1 }
  },
  {
    "title": "Økologisk Rød Paprika",
    "subtitle": "Spania, 1 stk",
    "category": {
      "sub": "Økologisk frukt og grønt",
      "parent": "Frukt og grønt"
    },
    "price": { "price": 27.3, "unitPrice": 218.4, "unit": "kg", "qty": 0.13 }
  },
  {
    "title": "Økologiske Bananer",
    "subtitle": "Max Havelaar, Ecuador, 4 stk",
    "category": {
      "sub": "Økologisk frukt og grønt",
      "parent": "Frukt og grønt"
    },
    "price": { "price": 26.2, "unitPrice": 30.11, "unit": "kg", "qty": 0.87 }
  },
  {
    "title": "Økologisk Kiwi, 4-5 stk",
    "subtitle": "Italia, ca. 500 g",
    "category": {
      "sub": "Økologisk frukt og grønt",
      "parent": "Frukt og grønt"
    },
    "price": { "price": 43.5, "unitPrice": 87, "unit": "kg", "qty": 0.5 }
  },
  {
    "title": "Økologisk Lime 2/3 stk",
    "subtitle": "Brasil, 250 g",
    "category": {
      "sub": "Økologisk frukt og grønt",
      "parent": "Frukt og grønt"
    },
    "price": { "price": 49.1, "unitPrice": 169.31, "unit": "kg", "qty": 0.29 }
  },
  {
    "title": "Økologiske Sitroner",
    "subtitle": "Spania, 2 stk",
    "category": {
      "sub": "Økologisk frukt og grønt",
      "parent": "Frukt og grønt"
    },
    "price": { "price": 35.8, "unitPrice": 162.73, "unit": "kg", "qty": 0.22 }
  },
  {
    "title": "Økologisk Ananas",
    "subtitle": "Elfenbenkysten, 1 stk",
    "category": {
      "sub": "Økologisk frukt og grønt",
      "parent": "Frukt og grønt"
    },
    "price": { "price": 54.9, "unitPrice": 39.21, "unit": "kg", "qty": 1.4 }
  },
  {
    "title": "Økologiske Appelsiner",
    "subtitle": "Spania, 1 kg",
    "category": {
      "sub": "Økologisk frukt og grønt",
      "parent": "Frukt og grønt"
    },
    "price": { "price": 47.8, "unitPrice": 47.8, "unit": "kg", "qty": 1 }
  },
  {
    "title": "Økologiske Klementiner",
    "subtitle": "Spania, 500 g",
    "category": {
      "sub": "Økologisk frukt og grønt",
      "parent": "Frukt og grønt"
    },
    "price": { "price": 41.9, "unitPrice": 83.8, "unit": "kg", "qty": 0.5 }
  },
  {
    "title": "Røde Epler Gala 2-3 stk",
    "subtitle": "Økologisk, Italia, 500 g",
    "category": {
      "sub": "Økologisk frukt og grønt",
      "parent": "Frukt og grønt"
    },
    "price": { "price": 36, "unitPrice": 72, "unit": "kg", "qty": 0.5 }
  },
  {
    "title": "Økologiske Pærer, Conference",
    "subtitle": "3-4 stk Frankrike, 500 g",
    "category": {
      "sub": "Økologisk frukt og grønt",
      "parent": "Frukt og grønt"
    },
    "price": { "price": 47.4, "unitPrice": 94.8, "unit": "kg", "qty": 0.5 }
  },
  {
    "title": "Økologiske Poteter Uvasket",
    "subtitle": "Solist/Hassel/Folva, Norge, 1,5 kg",
    "category": {
      "sub": "Økologisk frukt og grønt",
      "parent": "Frukt og grønt"
    },
    "price": { "price": 59.6, "unitPrice": 39.73, "unit": "kg", "qty": 1.5 }
  },
  {
    "title": "Økologisk Søtpotet",
    "subtitle": "Portugal, ca. 500 g",
    "category": {
      "sub": "Økologisk frukt og grønt",
      "parent": "Frukt og grønt"
    },
    "price": { "price": 65.3, "unitPrice": 130.6, "unit": "kg", "qty": 0.5 }
  },
  {
    "title": "Økologisk Hvitløk",
    "subtitle": "Spania, 3 stk",
    "category": {
      "sub": "Økologisk frukt og grønt",
      "parent": "Frukt og grønt"
    },
    "price": { "price": 30.4, "unitPrice": 202.67, "unit": "kg", "qty": 0.15 }
  },
  {
    "title": "Økologisk Gul Løk",
    "subtitle": "Nederland, 500 g",
    "category": {
      "sub": "Økologisk frukt og grønt",
      "parent": "Frukt og grønt"
    },
    "price": { "price": 25.3, "unitPrice": 50.6, "unit": "kg", "qty": 0.5 }
  },
  {
    "title": "Økologisk Rødløk",
    "subtitle": "Nederland, 500 g",
    "category": {
      "sub": "Økologisk frukt og grønt",
      "parent": "Frukt og grønt"
    },
    "price": { "price": 35.5, "unitPrice": 71, "unit": "kg", "qty": 0.5 }
  },
  {
    "title": "Økologisk Squash",
    "subtitle": "Spania, 1 stk",
    "category": {
      "sub": "Økologisk frukt og grønt",
      "parent": "Frukt og grønt"
    },
    "price": { "price": 32.8, "unitPrice": 182.22, "unit": "kg", "qty": 0.18 }
  },
  {
    "title": "Økologisk Stangselleri",
    "subtitle": "Spania, 1 stk",
    "category": {
      "sub": "Økologisk frukt og grønt",
      "parent": "Frukt og grønt"
    },
    "price": { "price": 34.8, "unitPrice": 34.8, "unit": "stk", "qty": 1 }
  },
  {
    "title": "Økologisk Babyleaf Miks",
    "subtitle": "Italia, 1 stk",
    "category": {
      "sub": "Økologisk frukt og grønt",
      "parent": "Frukt og grønt"
    },
    "price": { "price": 43.5, "unitPrice": 580, "unit": "kg", "qty": 0.07 }
  },
  {
    "title": "Økologiske Soltørkede Tomater",
    "subtitle": "100 g",
    "category": {
      "sub": "Økologisk frukt og grønt",
      "parent": "Frukt og grønt"
    },
    "price": { "price": 38.2, "unitPrice": 382, "unit": "kg", "qty": 0.1 }
  },
  {
    "title": "Økologisk Ingefær",
    "subtitle": "Peru, 100 g",
    "category": {
      "sub": "Økologisk frukt og grønt",
      "parent": "Frukt og grønt"
    },
    "price": { "price": 21.7, "unitPrice": 217, "unit": "kg", "qty": 0.1 }
  },
  {
    "title": "Økologisk Isbergsalat",
    "subtitle": "Italia, 1 stk",
    "category": {
      "sub": "Økologisk frukt og grønt",
      "parent": "Frukt og grønt"
    },
    "price": { "price": 36.7, "unitPrice": 36.7, "unit": "stk", "qty": 1 }
  },
  {
    "title": "Søtpotet i Beger",
    "subtitle": "Spania, 500 g",
    "category": { "sub": "Poteter", "parent": "Frukt og grønt" },
    "price": { "price": 23.5, "unitPrice": 47, "unit": "kg", "qty": 0.5 }
  },
  {
    "title": "Norske poteter",
    "subtitle": "Solist/ Folva/ Fakse, 2,5 kg",
    "category": { "sub": "Poteter", "parent": "Frukt og grønt" },
    "price": { "price": 54.4, "unitPrice": 21.76, "unit": "kg", "qty": 2.5 }
  },
  {
    "title": "Økologisk Søtpotet",
    "subtitle": "Portugal, ca. 500 g",
    "category": { "sub": "Poteter", "parent": "Frukt og grønt" },
    "price": { "price": 65.3, "unitPrice": 130.6, "unit": "kg", "qty": 0.5 }
  },
  {
    "title": "Juno/Nansen",
    "subtitle": "Norge, 1 kg",
    "category": { "sub": "Poteter", "parent": "Frukt og grønt" },
    "price": { "price": 31.9, "unitPrice": 31.9, "unit": "kg", "qty": 1 }
  },
  {
    "title": "Juno/Nansen/ Asterix",
    "subtitle": "Norge, 2,5 kg",
    "category": { "sub": "Poteter", "parent": "Frukt og grønt" },
    "price": { "price": 54.2, "unitPrice": 21.68, "unit": "kg", "qty": 2.5 }
  },
  {
    "title": "Mandelpoteter",
    "subtitle": "Norge, 2 kg",
    "category": { "sub": "Poteter", "parent": "Frukt og grønt" },
    "price": { "price": 44.8, "unitPrice": 22.4, "unit": "kg", "qty": 2 }
  },
  {
    "title": "Franske Gourmetpoteter",
    "subtitle": "Jazzy, Frankrike, 2,5 kg",
    "category": { "sub": "Poteter", "parent": "Frukt og grønt" },
    "price": { "price": 76.4, "unitPrice": 30.56, "unit": "kg", "qty": 2.5 }
  },
  {
    "title": "Potet Amandine",
    "subtitle": "Frankrike, 1,5 kg",
    "category": { "sub": "Poteter", "parent": "Frukt og grønt" },
    "price": { "price": 46.9, "unitPrice": 31.27, "unit": "kg", "qty": 1.5 }
  },
  {
    "title": "Økologiske Poteter Uvasket",
    "subtitle": "Solist/Hassel/Folva, Norge, 1,5 kg",
    "category": { "sub": "Poteter", "parent": "Frukt og grønt" },
    "price": { "price": 59.6, "unitPrice": 39.73, "unit": "kg", "qty": 1.5 }
  },
  {
    "title": "Poteter uten Skall, Ferdig Kokt",
    "subtitle": "Danmark, 3 kg",
    "category": { "sub": "Poteter", "parent": "Frukt og grønt" },
    "price": { "price": 111.3, "unitPrice": 37.1, "unit": "kg", "qty": 3 }
  },
  {
    "title": "Bakepotet",
    "subtitle": "Colomba, Frankrike, 1 stk",
    "category": { "sub": "Poteter", "parent": "Frukt og grønt" },
    "price": { "price": 14.9, "unitPrice": 39.73, "unit": "kg", "qty": 0.38 }
  },
  {
    "title": "Poteter, Usorterte",
    "subtitle": "Vår laveste pris, Norge, 2,5 kg",
    "category": { "sub": "Poteter", "parent": "Frukt og grønt" },
    "price": { "price": 31.5, "unitPrice": 12.6, "unit": "kg", "qty": 2.5 }
  },
  {
    "title": "Blå Kongo Delikatessepoteter",
    "subtitle": "Frankrike, 500 g",
    "category": { "sub": "Poteter", "parent": "Frukt og grønt" },
    "price": { "price": 38.2, "unitPrice": 76.4, "unit": "kg", "qty": 0.5 }
  },
  {
    "title": "Ferdigkokte Mandelpoteter",
    "subtitle": "Norge, 600 g",
    "category": { "sub": "Poteter", "parent": "Frukt og grønt" },
    "price": { "price": 39.9, "unitPrice": 66.5, "unit": "kg", "qty": 0.6 }
  },
  {
    "title": "Rattepoteter Petit",
    "subtitle": "Frankrike, 1 kg",
    "category": { "sub": "Poteter", "parent": "Frukt og grønt" },
    "price": { "price": 54.4, "unitPrice": 54.4, "unit": "kg", "qty": 1 }
  },
  {
    "title": "Norske poteter",
    "subtitle": "Solist/ Folva/ Fakse, 1 kg",
    "category": { "sub": "Poteter", "parent": "Frukt og grønt" },
    "price": { "price": 32.9, "unitPrice": 32.9, "unit": "kg", "qty": 1 }
  },
  {
    "title": "Små Mandelpoteter",
    "subtitle": "Mandeline, 700 g",
    "category": { "sub": "Poteter", "parent": "Frukt og grønt" },
    "price": { "price": 29.9, "unitPrice": 42.71, "unit": "kg", "qty": 0.7 }
  },
  {
    "title": "Fersk Basilikum",
    "subtitle": "i Pose, Etiopia/ Kenya, 20 g",
    "category": { "sub": "Urter og spirer", "parent": "Frukt og grønt" },
    "price": { "price": 24.9, "unitPrice": 1245, "unit": "kg", "qty": 0.02 }
  },
  {
    "title": "Fersk Koriander",
    "subtitle": "i Pose, Etiopia/ Spania, 20 g",
    "category": { "sub": "Urter og spirer", "parent": "Frukt og grønt" },
    "price": { "price": 28.2, "unitPrice": 1410, "unit": "kg", "qty": 0.02 }
  },
  {
    "title": "Fersk Kruspersille",
    "subtitle": "i Beger/pose, Etiopia/ Norsk, 20 g",
    "category": { "sub": "Urter og spirer", "parent": "Frukt og grønt" },
    "price": { "price": 28.2, "unitPrice": 1410, "unit": "kg", "qty": 0.02 }
  },
  {
    "title": "Fersk Gressløk",
    "subtitle": "i Pose, Etiopia, 20 g",
    "category": { "sub": "Urter og spirer", "parent": "Frukt og grønt" },
    "price": { "price": 19.6, "unitPrice": 980, "unit": "kg", "qty": 0.02 }
  },
  {
    "title": "Fersk Bladpersille",
    "subtitle": "i Pose, Etiopia, 20 g",
    "category": { "sub": "Urter og spirer", "parent": "Frukt og grønt" },
    "price": { "price": 29.8, "unitPrice": 1490, "unit": "kg", "qty": 0.02 }
  },
  {
    "title": "Fersk Kjørvel",
    "subtitle": "i Pose, Etiopia, 20 g",
    "category": { "sub": "Urter og spirer", "parent": "Frukt og grønt" },
    "price": { "price": 28.2, "unitPrice": 1410, "unit": "kg", "qty": 0.02 }
  },
  {
    "title": "Fersk Dill",
    "subtitle": "i Pose, Etiopia, 20 g",
    "category": { "sub": "Urter og spirer", "parent": "Frukt og grønt" },
    "price": { "price": 28.2, "unitPrice": 1410, "unit": "kg", "qty": 0.02 }
  },
  {
    "title": "Fersk Mynte",
    "subtitle": "i Pose, Etiopia, 20 g",
    "category": { "sub": "Urter og spirer", "parent": "Frukt og grønt" },
    "price": { "price": 28.2, "unitPrice": 1410, "unit": "kg", "qty": 0.02 }
  },
  {
    "title": "Fersk Oregano",
    "subtitle": "i Pose, Etiopia, 20 g",
    "category": { "sub": "Urter og spirer", "parent": "Frukt og grønt" },
    "price": { "price": 28.2, "unitPrice": 1410, "unit": "kg", "qty": 0.02 }
  },
  {
    "title": "Fersk Rosmarin",
    "subtitle": "i Pose, Etiopia, 20 g",
    "category": { "sub": "Urter og spirer", "parent": "Frukt og grønt" },
    "price": { "price": 28.2, "unitPrice": 1410, "unit": "kg", "qty": 0.02 }
  },
  {
    "title": "Fersk Salvie",
    "subtitle": "i Pose, Etiopia, 20 g",
    "category": { "sub": "Urter og spirer", "parent": "Frukt og grønt" },
    "price": { "price": 28.2, "unitPrice": 1410, "unit": "kg", "qty": 0.02 }
  },
  {
    "title": "Fersk Sitronmelisse",
    "subtitle": "i Pose, Etiopia, 20 g",
    "category": { "sub": "Urter og spirer", "parent": "Frukt og grønt" },
    "price": { "price": 28.2, "unitPrice": 1410, "unit": "kg", "qty": 0.02 }
  },
  {
    "title": "Fersk Timian",
    "subtitle": "i Pose, Etiopia, 20 g",
    "category": { "sub": "Urter og spirer", "parent": "Frukt og grønt" },
    "price": { "price": 28.2, "unitPrice": 1410, "unit": "kg", "qty": 0.02 }
  },
  {
    "title": "Alfalfaspirer",
    "subtitle": "Norge, 100 g",
    "category": { "sub": "Urter og spirer", "parent": "Frukt og grønt" },
    "price": { "price": 24.8, "unitPrice": 248, "unit": "kg", "qty": 0.1 }
  },
  {
    "title": "Bønnespirer",
    "subtitle": "Norge, 180 g",
    "category": { "sub": "Urter og spirer", "parent": "Frukt og grønt" },
    "price": { "price": 19.8, "unitPrice": 110, "unit": "kg", "qty": 0.18 }
  },
  {
    "title": "Sukkerertspirer",
    "subtitle": "Norge, 50 g",
    "category": { "sub": "Urter og spirer", "parent": "Frukt og grønt" },
    "price": { "price": 33.4, "unitPrice": 668, "unit": "kg", "qty": 0.05 }
  },
  {
    "title": "Fersk Estragon",
    "subtitle": "i Pose, Etiopia, 20 g",
    "category": { "sub": "Urter og spirer", "parent": "Frukt og grønt" },
    "price": { "price": 28.2, "unitPrice": 1410, "unit": "kg", "qty": 0.02 }
  },
  {
    "title": "Thai Basilikum Gourmet",
    "subtitle": "Frisk i Pose, Etiopia, 20 g",
    "category": { "sub": "Urter og spirer", "parent": "Frukt og grønt" },
    "price": { "price": 28.2, "unitPrice": 1410, "unit": "kg", "qty": 0.02 }
  },
  {
    "title": "Spiremix, Spicymix av Brocolli, Reddik, Kløver",
    "subtitle": "Norge, 50 g",
    "category": { "sub": "Urter og spirer", "parent": "Frukt og grønt" },
    "price": { "price": 32.4, "unitPrice": 648, "unit": "kg", "qty": 0.05 }
  },
  {
    "title": "Purreløkspirer",
    "subtitle": "Norge, 50 g",
    "category": { "sub": "Urter og spirer", "parent": "Frukt og grønt" },
    "price": { "price": 33.3, "unitPrice": 666, "unit": "kg", "qty": 0.05 }
  },
  {
    "title": "Spiresnacks, Mix av Bønner, Erter & Linser",
    "subtitle": "Norge, 100 g",
    "category": { "sub": "Urter og spirer", "parent": "Frukt og grønt" },
    "price": { "price": 35.8, "unitPrice": 358, "unit": "kg", "qty": 0.1 }
  },
  {
    "title": "Taco spiremix -Brokolli, Kløver, Mungbønner",
    "subtitle": "Norge, 50 g",
    "category": { "sub": "Urter og spirer", "parent": "Frukt og grønt" },
    "price": { "price": 30, "unitPrice": 600, "unit": "kg", "qty": 0.05 }
  },
  {
    "title": "Kløverspirer beger",
    "subtitle": "Norge, 50 g",
    "category": { "sub": "Urter og spirer", "parent": "Frukt og grønt" },
    "price": { "price": 30, "unitPrice": 600, "unit": "kg", "qty": 0.05 }
  },
  {
    "title": "Brokkolispirer",
    "subtitle": "Norge, 50 g",
    "category": { "sub": "Urter og spirer", "parent": "Frukt og grønt" },
    "price": { "price": 33.3, "unitPrice": 666, "unit": "kg", "qty": 0.05 }
  },
  {
    "title": "Reddikspirer",
    "subtitle": "Norge, 50 g",
    "category": { "sub": "Urter og spirer", "parent": "Frukt og grønt" },
    "price": { "price": 24.8, "unitPrice": 496, "unit": "kg", "qty": 0.05 }
  },
  {
    "title": "Sesamfrø",
    "subtitle": "Økologisk, 300 g",
    "category": {
      "sub": "Frø, nøtter og tørket frukt",
      "parent": "Frukt og grønt"
    },
    "price": { "price": 29.9, "unitPrice": 99.67, "unit": "kg", "qty": 0.3 }
  },
  {
    "title": "Gresskarkjerner",
    "subtitle": "Økologisk, 300 g",
    "category": {
      "sub": "Frø, nøtter og tørket frukt",
      "parent": "Frukt og grønt"
    },
    "price": { "price": 36.2, "unitPrice": 36.2, "unit": "stk", "qty": 1 }
  },
  {
    "title": "Solsikkekjerner",
    "subtitle": "Økologisk, 300 g",
    "category": {
      "sub": "Frø, nøtter og tørket frukt",
      "parent": "Frukt og grønt"
    },
    "price": { "price": 29.2, "unitPrice": 97.33, "unit": "kg", "qty": 0.3 }
  },
  {
    "title": "Chiafrø",
    "subtitle": "Økologisk, 350 g",
    "category": {
      "sub": "Frø, nøtter og tørket frukt",
      "parent": "Frukt og grønt"
    },
    "price": { "price": 42.9, "unitPrice": 122.57, "unit": "kg", "qty": 0.35 }
  },
  {
    "title": "Linfrø",
    "subtitle": "Økologisk, 350 g",
    "category": {
      "sub": "Frø, nøtter og tørket frukt",
      "parent": "Frukt og grønt"
    },
    "price": { "price": 21.3, "unitPrice": 60.86, "unit": "kg", "qty": 0.35 }
  },
  {
    "title": "Fiken",
    "subtitle": "Økologisk, 150 g",
    "category": {
      "sub": "Frø, nøtter og tørket frukt",
      "parent": "Frukt og grønt"
    },
    "price": { "price": 41.6, "unitPrice": 277.33, "unit": "kg", "qty": 0.15 }
  },
  {
    "title": "Svisker",
    "subtitle": "Økologisk, 150 g",
    "category": {
      "sub": "Frø, nøtter og tørket frukt",
      "parent": "Frukt og grønt"
    },
    "price": { "price": 51.8, "unitPrice": 345.33, "unit": "kg", "qty": 0.15 }
  },
  {
    "title": "Ferske dadler",
    "subtitle": "Tyrkia/ Israel, 200 g",
    "category": {
      "sub": "Frø, nøtter og tørket frukt",
      "parent": "Frukt og grønt"
    },
    "price": { "price": 43.7, "unitPrice": 218.5, "unit": "kg", "qty": 0.2 }
  },
  {
    "title": "Nøtte- og Fruktmix",
    "subtitle": "60 g",
    "category": {
      "sub": "Frø, nøtter og tørket frukt",
      "parent": "Frukt og grønt"
    },
    "price": { "price": 10, "unitPrice": 166.67, "unit": "kg", "qty": 0.06 }
  },
  {
    "title": "Cashewnøtter",
    "subtitle": "55 g",
    "category": {
      "sub": "Frø, nøtter og tørket frukt",
      "parent": "Frukt og grønt"
    },
    "price": { "price": 13.2, "unitPrice": 240, "unit": "kg", "qty": 0.06 }
  },
  {
    "title": "Polly Ovnsristede Mandler",
    "subtitle": "Småsulten, 125 g",
    "category": {
      "sub": "Frø, nøtter og tørket frukt",
      "parent": "Frukt og grønt"
    },
    "price": { "price": 44.8, "unitPrice": 358.4, "unit": "kg", "qty": 0.13 }
  },
  {
    "title": "Nøtti Frutti",
    "subtitle": "Uten Salt, 350 g",
    "category": {
      "sub": "Frø, nøtter og tørket frukt",
      "parent": "Frukt og grønt"
    },
    "price": { "price": 53.4, "unitPrice": 152.57, "unit": "kg", "qty": 0.35 }
  },
  {
    "title": "Spesial Med Havsalt",
    "subtitle": "270 g",
    "category": {
      "sub": "Frø, nøtter og tørket frukt",
      "parent": "Frukt og grønt"
    },
    "price": { "price": 77.8, "unitPrice": 288.15, "unit": "kg", "qty": 0.27 }
  },
  {
    "title": "Polly Peanøtter",
    "subtitle": "330 g",
    "category": {
      "sub": "Frø, nøtter og tørket frukt",
      "parent": "Frukt og grønt"
    },
    "price": { "price": 31.9, "unitPrice": 96.67, "unit": "kg", "qty": 0.33 }
  },
  {
    "title": "Yoghurtnøtter",
    "subtitle": "80 g",
    "category": {
      "sub": "Frø, nøtter og tørket frukt",
      "parent": "Frukt og grønt"
    },
    "price": { "price": 40.4, "unitPrice": 505, "unit": "kg", "qty": 0.08 }
  },
  {
    "title": "Cashew Mosambik",
    "subtitle": "160 g",
    "category": {
      "sub": "Frø, nøtter og tørket frukt",
      "parent": "Frukt og grønt"
    },
    "price": { "price": 70.8, "unitPrice": 442.5, "unit": "kg", "qty": 0.16 }
  },
  {
    "title": "Mango Tørket",
    "subtitle": "150 g",
    "category": {
      "sub": "Frø, nøtter og tørket frukt",
      "parent": "Frukt og grønt"
    },
    "price": { "price": 56.8, "unitPrice": 378.67, "unit": "kg", "qty": 0.15 }
  },
  {
    "title": "Aprikos Tørket",
    "subtitle": "190 g",
    "category": {
      "sub": "Frø, nøtter og tørket frukt",
      "parent": "Frukt og grønt"
    },
    "price": { "price": 69.4, "unitPrice": 365.26, "unit": "kg", "qty": 0.19 }
  },
  {
    "title": "Rosiner",
    "subtitle": "250 g",
    "category": {
      "sub": "Frø, nøtter og tørket frukt",
      "parent": "Frukt og grønt"
    },
    "price": { "price": 20.6, "unitPrice": 82.4, "unit": "kg", "qty": 0.25 }
  },
  {
    "title": "Rosiner",
    "subtitle": "6 x 42g, 252 g",
    "category": {
      "sub": "Frø, nøtter og tørket frukt",
      "parent": "Frukt og grønt"
    },
    "price": { "price": 28.6, "unitPrice": 113.49, "unit": "kg", "qty": 0.25 }
  },
  {
    "title": "Rosiner",
    "subtitle": "500 g",
    "category": {
      "sub": "Frø, nøtter og tørket frukt",
      "parent": "Frukt og grønt"
    },
    "price": { "price": 37.3, "unitPrice": 74.6, "unit": "kg", "qty": 0.5 }
  },
  {
    "title": "Svisker",
    "subtitle": "400 g",
    "category": {
      "sub": "Frø, nøtter og tørket frukt",
      "parent": "Frukt og grønt"
    },
    "price": { "price": 51.4, "unitPrice": 128.5, "unit": "kg", "qty": 0.4 }
  },
  {
    "title": "Småsulten Nøttemiks",
    "subtitle": "60 g",
    "category": {
      "sub": "Frø, nøtter og tørket frukt",
      "parent": "Frukt og grønt"
    },
    "price": { "price": 22.4, "unitPrice": 373.33, "unit": "kg", "qty": 0.06 }
  },
  {
    "title": "Nøtte- & Fruktmix",
    "subtitle": "600 g",
    "category": {
      "sub": "Frø, nøtter og tørket frukt",
      "parent": "Frukt og grønt"
    },
    "price": { "price": 29.7, "unitPrice": 49.5, "unit": "kg", "qty": 0.6 }
  },
  {
    "title": "Peanøtter",
    "subtitle": "275 g",
    "category": {
      "sub": "Frø, nøtter og tørket frukt",
      "parent": "Frukt og grønt"
    },
    "price": { "price": 18.4, "unitPrice": 66.91, "unit": "kg", "qty": 0.27 }
  },
  {
    "title": "Cashewnøtter",
    "subtitle": "175 g",
    "category": {
      "sub": "Frø, nøtter og tørket frukt",
      "parent": "Frukt og grønt"
    },
    "price": { "price": 38.6, "unitPrice": 220.57, "unit": "kg", "qty": 0.18 }
  },
  {
    "title": "Chilinøtter",
    "subtitle": "175 g",
    "category": {
      "sub": "Frø, nøtter og tørket frukt",
      "parent": "Frukt og grønt"
    },
    "price": { "price": 25.7, "unitPrice": 146.86, "unit": "kg", "qty": 0.17 }
  },
  {
    "title": "Pistasjnøtter",
    "subtitle": "175 g",
    "category": {
      "sub": "Frø, nøtter og tørket frukt",
      "parent": "Frukt og grønt"
    },
    "price": { "price": 45.8, "unitPrice": 261.71, "unit": "kg", "qty": 0.18 }
  },
  {
    "title": "Tørkede Aprikoser",
    "subtitle": "250 g",
    "category": {
      "sub": "Frø, nøtter og tørket frukt",
      "parent": "Frukt og grønt"
    },
    "price": { "price": 24.4, "unitPrice": 97.6, "unit": "kg", "qty": 0.25 }
  },
  {
    "title": "Hasselnøttkjerner",
    "subtitle": "250 g",
    "category": {
      "sub": "Frø, nøtter og tørket frukt",
      "parent": "Frukt og grønt"
    },
    "price": { "price": 35.5, "unitPrice": 142, "unit": "kg", "qty": 0.25 }
  },
  {
    "title": "Valnøttkjerner",
    "subtitle": "200 g",
    "category": {
      "sub": "Frø, nøtter og tørket frukt",
      "parent": "Frukt og grønt"
    },
    "price": { "price": 48.8, "unitPrice": 244, "unit": "kg", "qty": 0.2 }
  },
  {
    "title": "Solsikkekjerner",
    "subtitle": "Økologisk, 325 g",
    "category": {
      "sub": "Frø, nøtter og tørket frukt",
      "parent": "Frukt og grønt"
    },
    "price": { "price": 31.9, "unitPrice": 98.15, "unit": "kg", "qty": 0.33 }
  },
  {
    "title": "Gresskarkjerner",
    "subtitle": "325 g",
    "category": {
      "sub": "Frø, nøtter og tørket frukt",
      "parent": "Frukt og grønt"
    },
    "price": { "price": 74, "unitPrice": 227.69, "unit": "kg", "qty": 0.33 }
  },
  {
    "title": "Kokosflak",
    "subtitle": "Økologisk, 100 g",
    "category": {
      "sub": "Frø, nøtter og tørket frukt",
      "parent": "Frukt og grønt"
    },
    "price": { "price": 24.2, "unitPrice": 242, "unit": "kg", "qty": 0.1 }
  },
  {
    "title": "Cashewnøtter Økologisk",
    "subtitle": "Usaltet, 150 g",
    "category": {
      "sub": "Frø, nøtter og tørket frukt",
      "parent": "Frukt og grønt"
    },
    "price": { "price": 71, "unitPrice": 473.33, "unit": "kg", "qty": 0.15 }
  },
  {
    "title": "Linfrø Knuste",
    "subtitle": "350 g",
    "category": {
      "sub": "Frø, nøtter og tørket frukt",
      "parent": "Frukt og grønt"
    },
    "price": { "price": 35.6, "unitPrice": 101.71, "unit": "kg", "qty": 0.35 }
  },
  {
    "title": "Dadler",
    "subtitle": "150 g",
    "category": {
      "sub": "Frø, nøtter og tørket frukt",
      "parent": "Frukt og grønt"
    },
    "price": { "price": 36, "unitPrice": 240, "unit": "kg", "qty": 0.15 }
  },
  {
    "title": "Solsikkefrø",
    "subtitle": "1 kg",
    "category": {
      "sub": "Frø, nøtter og tørket frukt",
      "parent": "Frukt og grønt"
    },
    "price": { "price": 28.1, "unitPrice": 28.1, "unit": "kg", "qty": 1 }
  },
  {
    "title": "Kokosmasse",
    "subtitle": "250 g",
    "category": {
      "sub": "Frø, nøtter og tørket frukt",
      "parent": "Frukt og grønt"
    },
    "price": { "price": 9.9, "unitPrice": 39.6, "unit": "kg", "qty": 0.25 }
  },
  {
    "title": "Mandler",
    "subtitle": "250 g",
    "category": {
      "sub": "Frø, nøtter og tørket frukt",
      "parent": "Frukt og grønt"
    },
    "price": { "price": 35.2, "unitPrice": 140.8, "unit": "kg", "qty": 0.25 }
  },
  {
    "title": "Tørkede Erter Gule",
    "subtitle": "500 g",
    "category": {
      "sub": "Frø, nøtter og tørket frukt",
      "parent": "Frukt og grønt"
    },
    "price": { "price": 12.3, "unitPrice": 24.6, "unit": "kg", "qty": 0.5 }
  },
  {
    "title": "Tørkede Erter Grønne",
    "subtitle": "500 g",
    "category": {
      "sub": "Frø, nøtter og tørket frukt",
      "parent": "Frukt og grønt"
    },
    "price": { "price": 12.3, "unitPrice": 24.6, "unit": "kg", "qty": 0.5 }
  },
  {
    "title": "Tørket Tranebær",
    "subtitle": "260 g",
    "category": {
      "sub": "Frø, nøtter og tørket frukt",
      "parent": "Frukt og grønt"
    },
    "price": { "price": 44.2, "unitPrice": 170, "unit": "kg", "qty": 0.26 }
  },
  {
    "title": "Peanøtter",
    "subtitle": "Røstet & Saltet, 300 g",
    "category": {
      "sub": "Frø, nøtter og tørket frukt",
      "parent": "Frukt og grønt"
    },
    "price": { "price": 32.8, "unitPrice": 109.33, "unit": "kg", "qty": 0.3 }
  },
  {
    "title": "Hasselnøtter",
    "subtitle": "Økologisk, 150 g",
    "category": {
      "sub": "Frø, nøtter og tørket frukt",
      "parent": "Frukt og grønt"
    },
    "price": { "price": 79.6, "unitPrice": 530.67, "unit": "kg", "qty": 0.15 }
  },
  {
    "title": "Økologiske Rosiner",
    "subtitle": "250 g",
    "category": {
      "sub": "Frø, nøtter og tørket frukt",
      "parent": "Frukt og grønt"
    },
    "price": { "price": 27.8, "unitPrice": 111.2, "unit": "kg", "qty": 0.25 }
  },
  {
    "title": "Turmiks",
    "subtitle": "Nøtter & Sjokolade, 260 g",
    "category": {
      "sub": "Frø, nøtter og tørket frukt",
      "parent": "Frukt og grønt"
    },
    "price": { "price": 43.9, "unitPrice": 168.85, "unit": "kg", "qty": 0.26 }
  },
  {
    "title": "Polly Peanøtter",
    "subtitle": "880 g",
    "category": {
      "sub": "Frø, nøtter og tørket frukt",
      "parent": "Frukt og grønt"
    },
    "price": { "price": 120.1, "unitPrice": 136.48, "unit": "kg", "qty": 0.88 }
  },
  {
    "title": "Polly Peanøtter",
    "subtitle": "165 g",
    "category": {
      "sub": "Frø, nøtter og tørket frukt",
      "parent": "Frukt og grønt"
    },
    "price": { "price": 26.4, "unitPrice": 160, "unit": "kg", "qty": 0.16 }
  },
  {
    "title": "Småsulten Nøtter & Bær",
    "subtitle": "60 g",
    "category": {
      "sub": "Frø, nøtter og tørket frukt",
      "parent": "Frukt og grønt"
    },
    "price": { "price": 20.9, "unitPrice": 348.33, "unit": "kg", "qty": 0.06 }
  },
  {
    "title": "Småsulten Nøtter & Frukt",
    "subtitle": "60 g",
    "category": {
      "sub": "Frø, nøtter og tørket frukt",
      "parent": "Frukt og grønt"
    },
    "price": { "price": 20.6, "unitPrice": 343.33, "unit": "kg", "qty": 0.06 }
  },
  {
    "title": "Svisker",
    "subtitle": "Prima, 227 g",
    "category": {
      "sub": "Frø, nøtter og tørket frukt",
      "parent": "Frukt og grønt"
    },
    "price": { "price": 15.2, "unitPrice": 66.96, "unit": "kg", "qty": 0.23 }
  },
  {
    "title": "Aprikoser",
    "subtitle": "Økologisk, 150 g",
    "category": {
      "sub": "Frø, nøtter og tørket frukt",
      "parent": "Frukt og grønt"
    },
    "price": { "price": 55.4, "unitPrice": 369.33, "unit": "kg", "qty": 0.15 }
  },
  {
    "title": "Blansjerte Hasselnøtter",
    "subtitle": "Usaltet, 190 g",
    "category": {
      "sub": "Frø, nøtter og tørket frukt",
      "parent": "Frukt og grønt"
    },
    "price": { "price": 55.4, "unitPrice": 291.58, "unit": "kg", "qty": 0.19 }
  },
  {
    "title": "Brente Mandler",
    "subtitle": "150 g",
    "category": {
      "sub": "Frø, nøtter og tørket frukt",
      "parent": "Frukt og grønt"
    },
    "price": { "price": 49.1, "unitPrice": 327.33, "unit": "kg", "qty": 0.15 }
  },
  {
    "title": "Cashewnøtter",
    "subtitle": "Saltet, 1 kg",
    "category": {
      "sub": "Frø, nøtter og tørket frukt",
      "parent": "Frukt og grønt"
    },
    "price": { "price": 255.2, "unitPrice": 255.2, "unit": "kg", "qty": 1 }
  },
  {
    "title": "Cashewnøtter",
    "subtitle": "Usaltet, 1 kg",
    "category": {
      "sub": "Frø, nøtter og tørket frukt",
      "parent": "Frukt og grønt"
    },
    "price": { "price": 221.8, "unitPrice": 221.8, "unit": "kg", "qty": 1 }
  },
  {
    "title": "Cashewnøtter",
    "subtitle": "Rå, Usaltet, 190 g",
    "category": {
      "sub": "Frø, nøtter og tørket frukt",
      "parent": "Frukt og grønt"
    },
    "price": { "price": 55.4, "unitPrice": 291.58, "unit": "kg", "qty": 0.19 }
  },
  {
    "title": "Chilinøtter",
    "subtitle": "1 kg",
    "category": {
      "sub": "Frø, nøtter og tørket frukt",
      "parent": "Frukt og grønt"
    },
    "price": { "price": 98.4, "unitPrice": 98.4, "unit": "kg", "qty": 1 }
  },
  {
    "title": "Hvit Quinoa",
    "subtitle": "500 g",
    "category": {
      "sub": "Frø, nøtter og tørket frukt",
      "parent": "Frukt og grønt"
    },
    "price": { "price": 55.4, "unitPrice": 110.8, "unit": "kg", "qty": 0.5 }
  },
  {
    "title": "Linfrø",
    "subtitle": "500 g",
    "category": {
      "sub": "Frø, nøtter og tørket frukt",
      "parent": "Frukt og grønt"
    },
    "price": { "price": 27.7, "unitPrice": 55.4, "unit": "kg", "qty": 0.5 }
  },
  {
    "title": "Macadamiannøtter Ristet & Saltet",
    "subtitle": "Sør Afrika, 500 g",
    "category": {
      "sub": "Frø, nøtter og tørket frukt",
      "parent": "Frukt og grønt"
    },
    "price": { "price": 266.3, "unitPrice": 532.6, "unit": "kg", "qty": 0.5 }
  },
  {
    "title": "Mandler",
    "subtitle": "Saltet Og Ristet, 50 g",
    "category": {
      "sub": "Frø, nøtter og tørket frukt",
      "parent": "Frukt og grønt"
    },
    "price": { "price": 12.7, "unitPrice": 254, "unit": "kg", "qty": 0.05 }
  },
  {
    "title": "Mandler",
    "subtitle": "Økologisk, 150 g",
    "category": {
      "sub": "Frø, nøtter og tørket frukt",
      "parent": "Frukt og grønt"
    },
    "price": { "price": 71.2, "unitPrice": 474.67, "unit": "kg", "qty": 0.15 }
  },
  {
    "title": "Mango",
    "subtitle": "Økologisk, 110 g",
    "category": {
      "sub": "Frø, nøtter og tørket frukt",
      "parent": "Frukt og grønt"
    },
    "price": { "price": 61.1, "unitPrice": 555.45, "unit": "kg", "qty": 0.11 }
  },
  {
    "title": "Tranebær",
    "subtitle": "Økologisk, 150 g",
    "category": {
      "sub": "Frø, nøtter og tørket frukt",
      "parent": "Frukt og grønt"
    },
    "price": { "price": 54.3, "unitPrice": 362, "unit": "kg", "qty": 0.15 }
  },
  {
    "title": "Røstede Peanøtter og Mandler",
    "subtitle": "Pepper & Balsamico, 200 g",
    "category": {
      "sub": "Frø, nøtter og tørket frukt",
      "parent": "Frukt og grønt"
    },
    "price": { "price": 27.7, "unitPrice": 138.5, "unit": "kg", "qty": 0.2 }
  },
  {
    "title": "Økologisk Basmatiris",
    "subtitle": "550 g",
    "category": {
      "sub": "Frø, nøtter og tørket frukt",
      "parent": "Frukt og grønt"
    },
    "price": { "price": 41.1, "unitPrice": 74.73, "unit": "kg", "qty": 0.55 }
  },
  {
    "title": "Økologisk Bokhvete",
    "subtitle": "400 g",
    "category": {
      "sub": "Frø, nøtter og tørket frukt",
      "parent": "Frukt og grønt"
    },
    "price": { "price": 33.1, "unitPrice": 82.75, "unit": "kg", "qty": 0.4 }
  },
  {
    "title": "Økologisk Bulgur",
    "subtitle": "300 g",
    "category": {
      "sub": "Frø, nøtter og tørket frukt",
      "parent": "Frukt og grønt"
    },
    "price": { "price": 41.1, "unitPrice": 137, "unit": "kg", "qty": 0.3 }
  },
  {
    "title": "Økologiske Cashewnøtter",
    "subtitle": "Rå, Usaltet, 130 g",
    "category": {
      "sub": "Frø, nøtter og tørket frukt",
      "parent": "Frukt og grønt"
    },
    "price": { "price": 55.4, "unitPrice": 426.15, "unit": "kg", "qty": 0.13 }
  },
  {
    "title": "Økologiske Hasselnøtter",
    "subtitle": "Rå, Usaltet, 130 g",
    "category": {
      "sub": "Frø, nøtter og tørket frukt",
      "parent": "Frukt og grønt"
    },
    "price": { "price": 55.4, "unitPrice": 426.15, "unit": "kg", "qty": 0.13 }
  },
  {
    "title": "Finhakkede Tomater",
    "subtitle": "3 x 400g, 1200 g",
    "category": {
      "sub": "Hermetisert frukt og grønt",
      "parent": "Frukt og grønt"
    },
    "price": { "price": 44.7, "unitPrice": 37.25, "unit": "kg", "qty": 1.2 }
  },
  {
    "title": "Grovhakkede Tomater",
    "subtitle": "400 g",
    "category": {
      "sub": "Hermetisert frukt og grønt",
      "parent": "Frukt og grønt"
    },
    "price": { "price": 15, "unitPrice": 37.5, "unit": "kg", "qty": 0.4 }
  },
  {
    "title": "Finhakkede Tomater",
    "subtitle": "400 g",
    "category": {
      "sub": "Hermetisert frukt og grønt",
      "parent": "Frukt og grønt"
    },
    "price": { "price": 15.9, "unitPrice": 39.75, "unit": "kg", "qty": 0.4 }
  },
  {
    "title": "Hele Tomater",
    "subtitle": "400 g",
    "category": {
      "sub": "Hermetisert frukt og grønt",
      "parent": "Frukt og grønt"
    },
    "price": { "price": 22, "unitPrice": 55, "unit": "kg", "qty": 0.4 }
  },
  {
    "title": "Cherry Tomater",
    "subtitle": "400 g",
    "category": {
      "sub": "Hermetisert frukt og grønt",
      "parent": "Frukt og grønt"
    },
    "price": { "price": 21, "unitPrice": 52.5, "unit": "kg", "qty": 0.4 }
  },
  {
    "title": "Tomatpure",
    "subtitle": "Tube, 200 g",
    "category": {
      "sub": "Hermetisert frukt og grønt",
      "parent": "Frukt og grønt"
    },
    "price": { "price": 24.8, "unitPrice": 124, "unit": "kg", "qty": 0.2 }
  },
  {
    "title": "Petti Passata Il Delicato",
    "subtitle": "700 g",
    "category": {
      "sub": "Hermetisert frukt og grønt",
      "parent": "Frukt og grønt"
    },
    "price": { "price": 34.6, "unitPrice": 49.43, "unit": "kg", "qty": 0.7 }
  },
  {
    "title": "Petti Passata Il Delicato",
    "subtitle": "350 g",
    "category": {
      "sub": "Hermetisert frukt og grønt",
      "parent": "Frukt og grønt"
    },
    "price": { "price": 20.7, "unitPrice": 59.14, "unit": "kg", "qty": 0.35 }
  },
  {
    "title": "Tomat Passata",
    "subtitle": "Økologisk, 680 g",
    "category": {
      "sub": "Hermetisert frukt og grønt",
      "parent": "Frukt og grønt"
    },
    "price": { "price": 44.4, "unitPrice": 65.29, "unit": "kg", "qty": 0.68 }
  },
  {
    "title": "Hakkede Tomater Med Basilikum",
    "subtitle": "390 g",
    "category": {
      "sub": "Hermetisert frukt og grønt",
      "parent": "Frukt og grønt"
    },
    "price": { "price": 12.9, "unitPrice": 33.08, "unit": "kg", "qty": 0.39 }
  },
  {
    "title": "Hakkede Tomater Med Hvitløk",
    "subtitle": "390 g",
    "category": {
      "sub": "Hermetisert frukt og grønt",
      "parent": "Frukt og grønt"
    },
    "price": { "price": 12.9, "unitPrice": 33.08, "unit": "kg", "qty": 0.39 }
  },
  {
    "title": "Hakkede Tomater Med Chilli",
    "subtitle": "390 g",
    "category": {
      "sub": "Hermetisert frukt og grønt",
      "parent": "Frukt og grønt"
    },
    "price": { "price": 16.1, "unitPrice": 41.28, "unit": "kg", "qty": 0.39 }
  },
  {
    "title": "Passata Tomater",
    "subtitle": "390 g",
    "category": {
      "sub": "Hermetisert frukt og grønt",
      "parent": "Frukt og grønt"
    },
    "price": { "price": 12.8, "unitPrice": 32.82, "unit": "kg", "qty": 0.39 }
  },
  {
    "title": "Tomater Hakkede",
    "subtitle": "Økologisk, 390 g",
    "category": {
      "sub": "Hermetisert frukt og grønt",
      "parent": "Frukt og grønt"
    },
    "price": { "price": 12.7, "unitPrice": 32.56, "unit": "kg", "qty": 0.39 }
  },
  {
    "title": "Tomater Grovhakkede",
    "subtitle": "400 g",
    "category": {
      "sub": "Hermetisert frukt og grønt",
      "parent": "Frukt og grønt"
    },
    "price": { "price": 11.2, "unitPrice": 28, "unit": "kg", "qty": 0.4 }
  },
  {
    "title": "Tomater Skinnfrie",
    "subtitle": "400 g",
    "category": {
      "sub": "Hermetisert frukt og grønt",
      "parent": "Frukt og grønt"
    },
    "price": { "price": 10.4, "unitPrice": 26, "unit": "kg", "qty": 0.4 }
  },
  {
    "title": "Polpa Tomater Knuste",
    "subtitle": "400 g",
    "category": {
      "sub": "Hermetisert frukt og grønt",
      "parent": "Frukt og grønt"
    },
    "price": { "price": 16.4, "unitPrice": 41, "unit": "kg", "qty": 0.4 }
  },
  {
    "title": "Cherrytomater",
    "subtitle": "400 g",
    "category": {
      "sub": "Hermetisert frukt og grønt",
      "parent": "Frukt og grønt"
    },
    "price": { "price": 23.8, "unitPrice": 59.5, "unit": "kg", "qty": 0.4 }
  },
  {
    "title": "Tomater Hele",
    "subtitle": "400 g",
    "category": {
      "sub": "Hermetisert frukt og grønt",
      "parent": "Frukt og grønt"
    },
    "price": { "price": 25.8, "unitPrice": 64.5, "unit": "kg", "qty": 0.4 }
  },
  {
    "title": "Hakkede Tomater",
    "subtitle": "Økologisk, 400 g",
    "category": {
      "sub": "Hermetisert frukt og grønt",
      "parent": "Frukt og grønt"
    },
    "price": { "price": 21.7, "unitPrice": 54.25, "unit": "kg", "qty": 0.4 }
  },
  {
    "title": "Hakkede Tomater Naturell",
    "subtitle": "390 g",
    "category": {
      "sub": "Hermetisert frukt og grønt",
      "parent": "Frukt og grønt"
    },
    "price": { "price": 18.8, "unitPrice": 48.21, "unit": "kg", "qty": 0.39 }
  },
  {
    "title": "Hakkede Tomater Urter",
    "subtitle": "390 g",
    "category": {
      "sub": "Hermetisert frukt og grønt",
      "parent": "Frukt og grønt"
    },
    "price": { "price": 19.8, "unitPrice": 50.77, "unit": "kg", "qty": 0.39 }
  },
  {
    "title": "Tomatpuré",
    "subtitle": "140 g",
    "category": {
      "sub": "Hermetisert frukt og grønt",
      "parent": "Frukt og grønt"
    },
    "price": { "price": 8.4, "unitPrice": 60, "unit": "kg", "qty": 0.14 }
  },
  {
    "title": "Tomatpuré",
    "subtitle": "Økologisk, 200 g",
    "category": {
      "sub": "Hermetisert frukt og grønt",
      "parent": "Frukt og grønt"
    },
    "price": { "price": 24.6, "unitPrice": 123, "unit": "kg", "qty": 0.2 }
  },
  {
    "title": "Tomatpuré",
    "subtitle": "180 g",
    "category": {
      "sub": "Hermetisert frukt og grønt",
      "parent": "Frukt og grønt"
    },
    "price": { "price": 8.4, "unitPrice": 46.67, "unit": "kg", "qty": 0.18 }
  },
  {
    "title": "Mais",
    "subtitle": "3x160g, 480 g",
    "category": {
      "sub": "Hermetisert frukt og grønt",
      "parent": "Frukt og grønt"
    },
    "price": { "price": 31.8, "unitPrice": 66.25, "unit": "kg", "qty": 0.48 }
  },
  {
    "title": "Mais Økologisk",
    "subtitle": "2x160g, 320 g",
    "category": {
      "sub": "Hermetisert frukt og grønt",
      "parent": "Frukt og grønt"
    },
    "price": { "price": 31.8, "unitPrice": 99.38, "unit": "kg", "qty": 0.32 }
  },
  {
    "title": "Mais Crispniblets",
    "subtitle": "340 g",
    "category": {
      "sub": "Hermetisert frukt og grønt",
      "parent": "Frukt og grønt"
    },
    "price": { "price": 24.8, "unitPrice": 72.94, "unit": "kg", "qty": 0.34 }
  },
  {
    "title": "Maiskorn",
    "subtitle": "340 g",
    "category": {
      "sub": "Hermetisert frukt og grønt",
      "parent": "Frukt og grønt"
    },
    "price": { "price": 12, "unitPrice": 35.29, "unit": "kg", "qty": 0.34 }
  },
  {
    "title": "Green Giant Kids",
    "subtitle": "2 x 160 gr, 320 g",
    "category": {
      "sub": "Hermetisert frukt og grønt",
      "parent": "Frukt og grønt"
    },
    "price": { "price": 31.8, "unitPrice": 99.38, "unit": "kg", "qty": 0.32 }
  },
  {
    "title": "Maiskorn",
    "subtitle": "Økologisk, 380 g",
    "category": {
      "sub": "Hermetisert frukt og grønt",
      "parent": "Frukt og grønt"
    },
    "price": { "price": 21.4, "unitPrice": 56.32, "unit": "kg", "qty": 0.38 }
  },
  {
    "title": "Maiskorn",
    "subtitle": "3x198g, 594 g",
    "category": {
      "sub": "Hermetisert frukt og grønt",
      "parent": "Frukt og grønt"
    },
    "price": { "price": 20, "unitPrice": 33.67, "unit": "kg", "qty": 0.59 }
  },
  {
    "title": "Minimais",
    "subtitle": "410 g",
    "category": {
      "sub": "Hermetisert frukt og grønt",
      "parent": "Frukt og grønt"
    },
    "price": { "price": 21, "unitPrice": 51.22, "unit": "kg", "qty": 0.41 }
  },
  {
    "title": "Soltørkede Tomater",
    "subtitle": "280 g",
    "category": {
      "sub": "Hermetisert frukt og grønt",
      "parent": "Frukt og grønt"
    },
    "price": { "price": 27.6, "unitPrice": 98.57, "unit": "kg", "qty": 0.28 }
  },
  {
    "title": "Sushi Ingefær",
    "subtitle": "190 g",
    "category": {
      "sub": "Hermetisert frukt og grønt",
      "parent": "Frukt og grønt"
    },
    "price": { "price": 62.8, "unitPrice": 330.53, "unit": "kg", "qty": 0.19 }
  },
  {
    "title": "Sushi Ginger",
    "subtitle": "145 g",
    "category": {
      "sub": "Hermetisert frukt og grønt",
      "parent": "Frukt og grønt"
    },
    "price": { "price": 60.3, "unitPrice": 415.86, "unit": "kg", "qty": 0.15 }
  },
  {
    "title": "Kimchi",
    "subtitle": "350 g",
    "category": {
      "sub": "Hermetisert frukt og grønt",
      "parent": "Frukt og grønt"
    },
    "price": { "price": 65.3, "unitPrice": 186.57, "unit": "kg", "qty": 0.35 }
  },
  {
    "title": "Tørkede Erter",
    "subtitle": "410 g",
    "category": {
      "sub": "Hermetisert frukt og grønt",
      "parent": "Frukt og grønt"
    },
    "price": { "price": 13.9, "unitPrice": 33.9, "unit": "kg", "qty": 0.41 }
  },
  {
    "title": "Husholdningserter",
    "subtitle": "410 g",
    "category": {
      "sub": "Hermetisert frukt og grønt",
      "parent": "Frukt og grønt"
    },
    "price": { "price": 16.3, "unitPrice": 39.76, "unit": "kg", "qty": 0.41 }
  },
  {
    "title": "Erter & Gulrøtter",
    "subtitle": "250 g",
    "category": {
      "sub": "Hermetisert frukt og grønt",
      "parent": "Frukt og grønt"
    },
    "price": { "price": 17.7, "unitPrice": 70.8, "unit": "kg", "qty": 0.25 }
  },
  {
    "title": "Brekkbønner",
    "subtitle": "410 g",
    "category": {
      "sub": "Hermetisert frukt og grønt",
      "parent": "Frukt og grønt"
    },
    "price": { "price": 22, "unitPrice": 53.66, "unit": "kg", "qty": 0.41 }
  },
  {
    "title": "Bønnespirer",
    "subtitle": "425 g",
    "category": {
      "sub": "Hermetisert frukt og grønt",
      "parent": "Frukt og grønt"
    },
    "price": { "price": 17.1, "unitPrice": 40.24, "unit": "kg", "qty": 0.42 }
  },
  {
    "title": "Kidneybønner",
    "subtitle": "Økologisk, 180 g",
    "category": {
      "sub": "Hermetisert frukt og grønt",
      "parent": "Frukt og grønt"
    },
    "price": { "price": 14, "unitPrice": 77.78, "unit": "kg", "qty": 0.18 }
  },
  {
    "title": "Røde Kidneybønner",
    "subtitle": "Økologisk, 400 g",
    "category": {
      "sub": "Hermetisert frukt og grønt",
      "parent": "Frukt og grønt"
    },
    "price": { "price": 26.5, "unitPrice": 66.25, "unit": "kg", "qty": 0.4 }
  },
  {
    "title": "Kidneybønner",
    "subtitle": "420 g",
    "category": {
      "sub": "Hermetisert frukt og grønt",
      "parent": "Frukt og grønt"
    },
    "price": { "price": 13.5, "unitPrice": 32.14, "unit": "kg", "qty": 0.42 }
  },
  {
    "title": "Bønner Røde Kidney",
    "subtitle": "432 g",
    "category": {
      "sub": "Hermetisert frukt og grønt",
      "parent": "Frukt og grønt"
    },
    "price": { "price": 40.8, "unitPrice": 94.44, "unit": "kg", "qty": 0.43 }
  },
  {
    "title": "Kidneybønner i Chili",
    "subtitle": "410 g",
    "category": {
      "sub": "Hermetisert frukt og grønt",
      "parent": "Frukt og grønt"
    },
    "price": { "price": 16.6, "unitPrice": 40.49, "unit": "kg", "qty": 0.41 }
  },
  {
    "title": "Bønner Chili",
    "subtitle": "439 g",
    "category": {
      "sub": "Hermetisert frukt og grønt",
      "parent": "Frukt og grønt"
    },
    "price": { "price": 36.4, "unitPrice": 82.92, "unit": "kg", "qty": 0.44 }
  },
  {
    "title": "Kikerter Garbanzobønner",
    "subtitle": "439 g",
    "category": {
      "sub": "Hermetisert frukt og grønt",
      "parent": "Frukt og grønt"
    },
    "price": { "price": 33.9, "unitPrice": 77.22, "unit": "kg", "qty": 0.44 }
  },
  {
    "title": "Kikerter",
    "subtitle": "410 g",
    "category": {
      "sub": "Hermetisert frukt og grønt",
      "parent": "Frukt og grønt"
    },
    "price": { "price": 15.6, "unitPrice": 38.05, "unit": "kg", "qty": 0.41 }
  },
  {
    "title": "Kikerter på Glass",
    "subtitle": "560 g",
    "category": {
      "sub": "Hermetisert frukt og grønt",
      "parent": "Frukt og grønt"
    },
    "price": { "price": 24.9, "unitPrice": 44.46, "unit": "kg", "qty": 0.56 }
  },
  {
    "title": "Baked Beans",
    "subtitle": "415 g",
    "category": {
      "sub": "Hermetisert frukt og grønt",
      "parent": "Frukt og grønt"
    },
    "price": { "price": 29.8, "unitPrice": 71.81, "unit": "kg", "qty": 0.41 }
  },
  {
    "title": "Nora Tomatbønner",
    "subtitle": "425 g",
    "category": {
      "sub": "Hermetisert frukt og grønt",
      "parent": "Frukt og grønt"
    },
    "price": { "price": 13.4, "unitPrice": 31.53, "unit": "kg", "qty": 0.42 }
  },
  {
    "title": "Bønner I Tomatsaus",
    "subtitle": "420 g",
    "category": {
      "sub": "Hermetisert frukt og grønt",
      "parent": "Frukt og grønt"
    },
    "price": { "price": 9.7, "unitPrice": 23.1, "unit": "kg", "qty": 0.42 }
  },
  {
    "title": "Hvitløk i Urter",
    "subtitle": "280 g",
    "category": {
      "sub": "Hermetisert frukt og grønt",
      "parent": "Frukt og grønt"
    },
    "price": { "price": 26.1, "unitPrice": 93.21, "unit": "kg", "qty": 0.28 }
  },
  {
    "title": "Hvitløk Ferskpresset",
    "subtitle": "100 g",
    "category": {
      "sub": "Hermetisert frukt og grønt",
      "parent": "Frukt og grønt"
    },
    "price": { "price": 23.9, "unitPrice": 239, "unit": "kg", "qty": 0.1 }
  },
  {
    "title": "Sølvløk",
    "subtitle": "370 g",
    "category": {
      "sub": "Hermetisert frukt og grønt",
      "parent": "Frukt og grønt"
    },
    "price": { "price": 25.4, "unitPrice": 68.65, "unit": "kg", "qty": 0.37 }
  },
  {
    "title": "Agurker Skivede",
    "subtitle": "850 g",
    "category": {
      "sub": "Hermetisert frukt og grønt",
      "parent": "Frukt og grønt"
    },
    "price": { "price": 41.6, "unitPrice": 48.94, "unit": "kg", "qty": 0.85 }
  },
  {
    "title": "Pariseragurker",
    "subtitle": "580 g",
    "category": {
      "sub": "Hermetisert frukt og grønt",
      "parent": "Frukt og grønt"
    },
    "price": { "price": 20.9, "unitPrice": 36.03, "unit": "kg", "qty": 0.58 }
  },
  {
    "title": "Agurker Hele",
    "subtitle": "580 g",
    "category": {
      "sub": "Hermetisert frukt og grønt",
      "parent": "Frukt og grønt"
    },
    "price": { "price": 32.8, "unitPrice": 56.55, "unit": "kg", "qty": 0.58 }
  },
  {
    "title": "Agurkmiks",
    "subtitle": "370 g",
    "category": {
      "sub": "Hermetisert frukt og grønt",
      "parent": "Frukt og grønt"
    },
    "price": { "price": 27.4, "unitPrice": 74.05, "unit": "kg", "qty": 0.37 }
  },
  {
    "title": "Sylteagurker",
    "subtitle": "530 g",
    "category": {
      "sub": "Hermetisert frukt og grønt",
      "parent": "Frukt og grønt"
    },
    "price": { "price": 18.2, "unitPrice": 34.34, "unit": "kg", "qty": 0.53 }
  },
  {
    "title": "Rødbeter Skivede",
    "subtitle": "580 g",
    "category": {
      "sub": "Hermetisert frukt og grønt",
      "parent": "Frukt og grønt"
    },
    "price": { "price": 23.8, "unitPrice": 41.03, "unit": "kg", "qty": 0.58 }
  },
  {
    "title": "Rødbeter",
    "subtitle": "530 g",
    "category": {
      "sub": "Hermetisert frukt og grønt",
      "parent": "Frukt og grønt"
    },
    "price": { "price": 22.8, "unitPrice": 43.02, "unit": "kg", "qty": 0.53 }
  },
  {
    "title": "Økologiske Kikerter",
    "subtitle": "290 g",
    "category": {
      "sub": "Hermetisert frukt og grønt",
      "parent": "Frukt og grønt"
    },
    "price": { "price": 14, "unitPrice": 48.28, "unit": "kg", "qty": 0.29 }
  },
  {
    "title": "Sorte Bønner",
    "subtitle": "Økologisk, 290 g",
    "category": {
      "sub": "Hermetisert frukt og grønt",
      "parent": "Frukt og grønt"
    },
    "price": { "price": 14, "unitPrice": 48.28, "unit": "kg", "qty": 0.29 }
  },
  {
    "title": "Store Hvite Bønner",
    "subtitle": "Økologisk, 290 g",
    "category": {
      "sub": "Hermetisert frukt og grønt",
      "parent": "Frukt og grønt"
    },
    "price": { "price": 13.3, "unitPrice": 45.86, "unit": "kg", "qty": 0.29 }
  },
  {
    "title": "Bønnemiks",
    "subtitle": "Økologisk, 290 g",
    "category": {
      "sub": "Hermetisert frukt og grønt",
      "parent": "Frukt og grønt"
    },
    "price": { "price": 13.3, "unitPrice": 45.86, "unit": "kg", "qty": 0.29 }
  },
  {
    "title": "Røde Linser",
    "subtitle": "Økologisk, 180 g",
    "category": {
      "sub": "Hermetisert frukt og grønt",
      "parent": "Frukt og grønt"
    },
    "price": { "price": 14, "unitPrice": 77.78, "unit": "kg", "qty": 0.18 }
  },
  {
    "title": "Grønne Linser",
    "subtitle": "380 g",
    "category": {
      "sub": "Hermetisert frukt og grønt",
      "parent": "Frukt og grønt"
    },
    "price": { "price": 19.8, "unitPrice": 52.11, "unit": "kg", "qty": 0.38 }
  },
  {
    "title": "Asparges Hele",
    "subtitle": "330 g",
    "category": {
      "sub": "Hermetisert frukt og grønt",
      "parent": "Frukt og grønt"
    },
    "price": { "price": 26.3, "unitPrice": 79.7, "unit": "kg", "qty": 0.33 }
  },
  {
    "title": "Bambusskudd",
    "subtitle": "227 g",
    "category": {
      "sub": "Hermetisert frukt og grønt",
      "parent": "Frukt og grønt"
    },
    "price": { "price": 17.6, "unitPrice": 77.53, "unit": "kg", "qty": 0.23 }
  },
  {
    "title": "Pommes Strips",
    "subtitle": "600 g",
    "category": { "sub": "Frossen frukt og grønt", "parent": "Frukt og grønt" },
    "price": { "price": 22.3, "unitPrice": 37.17, "unit": "kg", "qty": 0.6 }
  },
  {
    "title": "Opphøgde Poteter med Grillkrydder",
    "subtitle": "450 g",
    "category": { "sub": "Frossen frukt og grønt", "parent": "Frukt og grønt" },
    "price": { "price": 34.4, "unitPrice": 76.44, "unit": "kg", "qty": 0.45 }
  },
  {
    "title": "Potetbåter Express",
    "subtitle": "600 g",
    "category": { "sub": "Frossen frukt og grønt", "parent": "Frukt og grønt" },
    "price": { "price": 30.8, "unitPrice": 51.33, "unit": "kg", "qty": 0.6 }
  },
  {
    "title": "Pommesfrites",
    "subtitle": "1,2 kg",
    "category": { "sub": "Frossen frukt og grønt", "parent": "Frukt og grønt" },
    "price": { "price": 31.9, "unitPrice": 26.58, "unit": "kg", "qty": 1.2 }
  },
  {
    "title": "Jordbær",
    "subtitle": "Økologisk, 250 g",
    "category": { "sub": "Frossen frukt og grønt", "parent": "Frukt og grønt" },
    "price": { "price": 29.7, "unitPrice": 118.8, "unit": "kg", "qty": 0.25 }
  },
  {
    "title": "Blåbær Frosne",
    "subtitle": "Økologisk, 250 g",
    "category": { "sub": "Frossen frukt og grønt", "parent": "Frukt og grønt" },
    "price": { "price": 29.5, "unitPrice": 118, "unit": "kg", "qty": 0.25 }
  },
  {
    "title": "Mangoterninger Fryst",
    "subtitle": "300 g",
    "category": { "sub": "Frossen frukt og grønt", "parent": "Frukt og grønt" },
    "price": { "price": 31.1, "unitPrice": 103.67, "unit": "kg", "qty": 0.3 }
  },
  {
    "title": "Avokadoterninger Fryst",
    "subtitle": "300 g",
    "category": { "sub": "Frossen frukt og grønt", "parent": "Frukt og grønt" },
    "price": { "price": 33.2, "unitPrice": 110.67, "unit": "kg", "qty": 0.3 }
  },
  {
    "title": "Oppkuttet Chilli",
    "subtitle": "75 g",
    "category": { "sub": "Frossen frukt og grønt", "parent": "Frukt og grønt" },
    "price": { "price": 29.9, "unitPrice": 398.67, "unit": "kg", "qty": 0.07 }
  },
  {
    "title": "Oppkuttet Hvitløk",
    "subtitle": "100 g",
    "category": { "sub": "Frossen frukt og grønt", "parent": "Frukt og grønt" },
    "price": { "price": 32.9, "unitPrice": 329, "unit": "kg", "qty": 0.1 }
  },
  {
    "title": "Oppkuttet Ingefær",
    "subtitle": "75 g",
    "category": { "sub": "Frossen frukt og grønt", "parent": "Frukt og grønt" },
    "price": { "price": 29.9, "unitPrice": 398.67, "unit": "kg", "qty": 0.07 }
  },
  {
    "title": "Oppkuttet Koriander",
    "subtitle": "75 g",
    "category": { "sub": "Frossen frukt og grønt", "parent": "Frukt og grønt" },
    "price": { "price": 29.9, "unitPrice": 398.67, "unit": "kg", "qty": 0.07 }
  },
  {
    "title": "Jordbær",
    "subtitle": "400 g",
    "category": { "sub": "Frossen frukt og grønt", "parent": "Frukt og grønt" },
    "price": { "price": 22.7, "unitPrice": 56.75, "unit": "kg", "qty": 0.4 }
  },
  {
    "title": "Bringebær",
    "subtitle": "400 g",
    "category": { "sub": "Frossen frukt og grønt", "parent": "Frukt og grønt" },
    "price": { "price": 21.8, "unitPrice": 54.5, "unit": "kg", "qty": 0.4 }
  },
  {
    "title": "Norske Jordbær",
    "subtitle": "300 g",
    "category": { "sub": "Frossen frukt og grønt", "parent": "Frukt og grønt" },
    "price": { "price": 30, "unitPrice": 100, "unit": "kg", "qty": 0.3 }
  },
  {
    "title": "Skogsbærblanding",
    "subtitle": "400 g",
    "category": { "sub": "Frossen frukt og grønt", "parent": "Frukt og grønt" },
    "price": { "price": 18.2, "unitPrice": 45.5, "unit": "kg", "qty": 0.4 }
  },
  {
    "title": "Blåbær",
    "subtitle": "400 g",
    "category": { "sub": "Frossen frukt og grønt", "parent": "Frukt og grønt" },
    "price": { "price": 30.3, "unitPrice": 75.75, "unit": "kg", "qty": 0.4 }
  },
  {
    "title": "Smoothie Mix",
    "subtitle": "800 g",
    "category": { "sub": "Frossen frukt og grønt", "parent": "Frukt og grønt" },
    "price": { "price": 53.3, "unitPrice": 66.63, "unit": "kg", "qty": 0.8 }
  },
  {
    "title": "Smoothiemix Mango, Ananas & Banan",
    "subtitle": "800 g",
    "category": { "sub": "Frossen frukt og grønt", "parent": "Frukt og grønt" },
    "price": { "price": 49.2, "unitPrice": 61.5, "unit": "kg", "qty": 0.8 }
  },
  {
    "title": "Smoothie",
    "subtitle": "Grønnkål & Frukt, 400 g",
    "category": { "sub": "Frossen frukt og grønt", "parent": "Frukt og grønt" },
    "price": { "price": 27.5, "unitPrice": 68.75, "unit": "kg", "qty": 0.4 }
  },
  {
    "title": "Wok Classic Big Pack",
    "subtitle": "850 g",
    "category": { "sub": "Frossen frukt og grønt", "parent": "Frukt og grønt" },
    "price": { "price": 68.9, "unitPrice": 81.06, "unit": "kg", "qty": 0.85 }
  },
  {
    "title": "Familiefavoritt Grovkuttet",
    "subtitle": "500 g",
    "category": { "sub": "Frossen frukt og grønt", "parent": "Frukt og grønt" },
    "price": { "price": 27, "unitPrice": 54, "unit": "kg", "qty": 0.5 }
  },
  {
    "title": "Fullkornsris & Grønnsaker",
    "subtitle": "500 g",
    "category": { "sub": "Frossen frukt og grønt", "parent": "Frukt og grønt" },
    "price": { "price": 30.8, "unitPrice": 61.6, "unit": "kg", "qty": 0.5 }
  },
  {
    "title": "Erter",
    "subtitle": "350 g",
    "category": { "sub": "Frossen frukt og grønt", "parent": "Frukt og grønt" },
    "price": { "price": 12.8, "unitPrice": 36.57, "unit": "kg", "qty": 0.35 }
  },
  {
    "title": "Hakket Spinat",
    "subtitle": "450 g",
    "category": { "sub": "Frossen frukt og grønt", "parent": "Frukt og grønt" },
    "price": { "price": 12.9, "unitPrice": 28.67, "unit": "kg", "qty": 0.45 }
  },
  {
    "title": "Rosenkål",
    "subtitle": "600 g",
    "category": { "sub": "Frossen frukt og grønt", "parent": "Frukt og grønt" },
    "price": { "price": 14.7, "unitPrice": 24.5, "unit": "kg", "qty": 0.6 }
  },
  {
    "title": "Brokkolitopper",
    "subtitle": "450 g",
    "category": { "sub": "Frossen frukt og grønt", "parent": "Frukt og grønt" },
    "price": { "price": 17.2, "unitPrice": 38.22, "unit": "kg", "qty": 0.45 }
  },
  {
    "title": "Aspargesbønner",
    "subtitle": "Fryst, 300 g",
    "category": { "sub": "Frossen frukt og grønt", "parent": "Frukt og grønt" },
    "price": { "price": 16, "unitPrice": 53.33, "unit": "kg", "qty": 0.3 }
  },
  {
    "title": "Edamame",
    "subtitle": "400 g",
    "category": { "sub": "Frossen frukt og grønt", "parent": "Frukt og grønt" },
    "price": { "price": 29.8, "unitPrice": 74.5, "unit": "kg", "qty": 0.4 }
  },
  {
    "title": "Minigulrot",
    "subtitle": "300 g",
    "category": { "sub": "Frossen frukt og grønt", "parent": "Frukt og grønt" },
    "price": { "price": 14.1, "unitPrice": 47, "unit": "kg", "qty": 0.3 }
  },
  {
    "title": "Brokkoliblanding",
    "subtitle": "500 g",
    "category": { "sub": "Frossen frukt og grønt", "parent": "Frukt og grønt" },
    "price": { "price": 19.8, "unitPrice": 39.6, "unit": "kg", "qty": 0.5 }
  },
  {
    "title": "Brokkoli & Blomkål Blanding",
    "subtitle": "500 g",
    "category": { "sub": "Frossen frukt og grønt", "parent": "Frukt og grønt" },
    "price": { "price": 26.5, "unitPrice": 53, "unit": "kg", "qty": 0.5 }
  },
  {
    "title": "Selskapsblanding",
    "subtitle": "500 g",
    "category": { "sub": "Frossen frukt og grønt", "parent": "Frukt og grønt" },
    "price": { "price": 26.1, "unitPrice": 52.2, "unit": "kg", "qty": 0.5 }
  },
  {
    "title": "Amerikansk Blanding",
    "subtitle": "800 g",
    "category": { "sub": "Frossen frukt og grønt", "parent": "Frukt og grønt" },
    "price": { "price": 17, "unitPrice": 21.25, "unit": "kg", "qty": 0.8 }
  },
  {
    "title": "Lapskausblanding",
    "subtitle": "800 g",
    "category": { "sub": "Frossen frukt og grønt", "parent": "Frukt og grønt" },
    "price": { "price": 20.8, "unitPrice": 26, "unit": "kg", "qty": 0.8 }
  },
  {
    "title": "Klassisk Wokblanding",
    "subtitle": "500 g",
    "category": { "sub": "Frossen frukt og grønt", "parent": "Frukt og grønt" },
    "price": { "price": 26.7, "unitPrice": 53.4, "unit": "kg", "qty": 0.5 }
  },
  {
    "title": "Lapskausblanding Grov",
    "subtitle": "750 g",
    "category": { "sub": "Frossen frukt og grønt", "parent": "Frukt og grønt" },
    "price": { "price": 26.5, "unitPrice": 35.33, "unit": "kg", "qty": 0.75 }
  },
  {
    "title": "Mykstekt Løk",
    "subtitle": "300 g",
    "category": { "sub": "Frossen frukt og grønt", "parent": "Frukt og grønt" },
    "price": { "price": 36.5, "unitPrice": 121.67, "unit": "kg", "qty": 0.3 }
  },
  {
    "title": "Soppblanding",
    "subtitle": "250 g",
    "category": { "sub": "Frossen frukt og grønt", "parent": "Frukt og grønt" },
    "price": { "price": 33.4, "unitPrice": 133.6, "unit": "kg", "qty": 0.25 }
  },
  {
    "title": "Bringebær, Fryst",
    "subtitle": "Fra Polen, 2,5 kg",
    "category": { "sub": "Frossen frukt og grønt", "parent": "Frukt og grønt" },
    "price": { "price": 314.3, "unitPrice": 125.72, "unit": "kg", "qty": 2.5 }
  },
  {
    "title": "Brokkoliblanding",
    "subtitle": "2 kg",
    "category": { "sub": "Frossen frukt og grønt", "parent": "Frukt og grønt" },
    "price": { "price": 76, "unitPrice": 38, "unit": "kg", "qty": 2 }
  },
  {
    "title": "Indisk-inspirert Wok",
    "subtitle": "500 g",
    "category": { "sub": "Frossen frukt og grønt", "parent": "Frukt og grønt" },
    "price": { "price": 32.6, "unitPrice": 65.2, "unit": "kg", "qty": 0.5 }
  },
  {
    "title": "Krydret Bønneblanding",
    "subtitle": "500 g",
    "category": { "sub": "Frossen frukt og grønt", "parent": "Frukt og grønt" },
    "price": { "price": 32.1, "unitPrice": 64.2, "unit": "kg", "qty": 0.5 }
  },
  {
    "title": "Thai-inspirert Wok",
    "subtitle": "500 g",
    "category": { "sub": "Frossen frukt og grønt", "parent": "Frukt og grønt" },
    "price": { "price": 37, "unitPrice": 74, "unit": "kg", "qty": 0.5 }
  },
  {
    "title": "Jalapeño Poppers",
    "subtitle": "Taste Lab, 250 g",
    "category": { "sub": "Frossen frukt og grønt", "parent": "Frukt og grønt" },
    "price": { "price": 34.7, "unitPrice": 138.8, "unit": "kg", "qty": 0.25 }
  },
  {
    "title": "Rotgrønnsaker Grovkuttet",
    "subtitle": "750 g",
    "category": { "sub": "Frossen frukt og grønt", "parent": "Frukt og grønt" },
    "price": { "price": 29.8, "unitPrice": 39.73, "unit": "kg", "qty": 0.75 }
  },
  {
    "title": "Søtpotet Fries",
    "subtitle": "500 g",
    "category": { "sub": "Frossen frukt og grønt", "parent": "Frukt og grønt" },
    "price": { "price": 33.4, "unitPrice": 66.8, "unit": "kg", "qty": 0.5 }
  },
  {
    "title": "Løkringer",
    "subtitle": "Taste Lab, 300 g",
    "category": { "sub": "Frossen frukt og grønt", "parent": "Frukt og grønt" },
    "price": { "price": 33.1, "unitPrice": 110.33, "unit": "kg", "qty": 0.3 }
  },
  {
    "title": "Røstipoteter med Ost",
    "subtitle": "Taste Lab, 460 g",
    "category": { "sub": "Frossen frukt og grønt", "parent": "Frukt og grønt" },
    "price": { "price": 27.3, "unitPrice": 59.35, "unit": "kg", "qty": 0.46 }
  },
  {
    "title": "Sushi Salat Wakame",
    "subtitle": "125 g",
    "category": { "sub": "Frossen frukt og grønt", "parent": "Frukt og grønt" },
    "price": { "price": 27.3, "unitPrice": 218.4, "unit": "kg", "qty": 0.13 }
  },
  {
    "title": "Grønnsaks Nuggets",
    "subtitle": "310 g",
    "category": { "sub": "Frossen frukt og grønt", "parent": "Frukt og grønt" },
    "price": { "price": 48.8, "unitPrice": 157.42, "unit": "kg", "qty": 0.31 }
  },
  {
    "title": "Indrefilet av Kalv Med Parmaskinke og Parmesan",
    "subtitle": "ca. 1 kg",
    "category": { "sub": "Kjøttdisken", "parent": "Mathall" },
    "price": { "price": 569, "unitPrice": 569, "unit": "kg", "qty": 1 }
  },
  {
    "title": "Entrecote Av Lam Med Hvit Geitost",
    "subtitle": "ca. 350 g",
    "category": { "sub": "Kjøttdisken", "parent": "Mathall" },
    "price": { "price": 99, "unitPrice": 282.86, "unit": "kg", "qty": 0.35 }
  },
  {
    "title": "Panert Kalvesnitzel",
    "subtitle": "2 stk, ca. 500 g",
    "category": { "sub": "Kjøttdisken", "parent": "Mathall" },
    "price": { "price": 139, "unitPrice": 278, "unit": "kg", "qty": 0.5 }
  },
  {
    "title": "Svinenakke Fylt Med Tranebær og Chevre",
    "subtitle": "Marinert Med Lakris og Chili, ca. 500 g",
    "category": { "sub": "Kjøttdisken", "parent": "Mathall" },
    "price": { "price": 109, "unitPrice": 218, "unit": "kg", "qty": 0.5 }
  },
  {
    "title": "Hellstrøms Entrecote av Angus",
    "subtitle": "Til ca. 2 Personer",
    "category": { "sub": "Kjøttdisken", "parent": "Mathall" },
    "price": { "price": 232.3, "unitPrice": 580.75, "unit": "kg", "qty": 0.4 }
  },
  {
    "title": "Hellstrøms Ytrefilet av Angus",
    "subtitle": "Til ca. 4 Personer",
    "category": { "sub": "Kjøttdisken", "parent": "Mathall" },
    "price": { "price": 496.4, "unitPrice": 620.5, "unit": "kg", "qty": 0.8 }
  },
  {
    "title": "Hellstrøms Indrefilet av Angus",
    "subtitle": "Til 4 Personer, ca. 800 g",
    "category": { "sub": "Kjøttdisken", "parent": "Mathall" },
    "price": { "price": 528, "unitPrice": 660, "unit": "kg", "qty": 0.8 }
  },
  {
    "title": "Hel Ytrefilet av Okse",
    "subtitle": "2 kg",
    "category": { "sub": "Kjøttdisken", "parent": "Mathall" },
    "price": { "price": 549, "unitPrice": 274.5, "unit": "kg", "qty": 2 }
  },
  {
    "title": "Hel Entrecote av Storfe",
    "subtitle": "Ca 3kg",
    "category": { "sub": "Kjøttdisken", "parent": "Mathall" },
    "price": { "price": 999, "unitPrice": 333, "unit": "kg", "qty": 3 }
  },
  {
    "title": "Hel Indrefilet av Storfe",
    "subtitle": "1,8 kg",
    "category": { "sub": "Kjøttdisken", "parent": "Mathall" },
    "price": { "price": 699, "unitPrice": 388.33, "unit": "kg", "qty": 1.8 }
  },
  {
    "title": "Reinsdyr Indrefilet Hel",
    "subtitle": "ca. 1 kg",
    "category": { "sub": "Kjøttdisken", "parent": "Mathall" },
    "price": { "price": 599, "unitPrice": 599, "unit": "kg", "qty": 1 }
  },
  {
    "title": "Reinsdyr Ytrefilet Hel",
    "subtitle": "1 kg",
    "category": { "sub": "Kjøttdisken", "parent": "Mathall" },
    "price": { "price": 649, "unitPrice": 649, "unit": "kg", "qty": 1 }
  },
  {
    "title": "Hellstrøms Indrefilet av Angus",
    "subtitle": "ca. 400 g",
    "category": { "sub": "Kjøttdisken", "parent": "Mathall" },
    "price": { "price": 274.5, "unitPrice": 686.25, "unit": "kg", "qty": 0.4 }
  },
  {
    "title": "Hellstrøms Indrefilet av Angus",
    "subtitle": "Til 1 Person, ca. 200 g",
    "category": { "sub": "Kjøttdisken", "parent": "Mathall" },
    "price": { "price": 158.5, "unitPrice": 792.5, "unit": "kg", "qty": 0.2 }
  },
  {
    "title": "Hellstrøms Ytrefilet av Angus",
    "subtitle": "ca. 200 g",
    "category": { "sub": "Kjøttdisken", "parent": "Mathall" },
    "price": { "price": 137.3, "unitPrice": 686.5, "unit": "kg", "qty": 0.2 }
  },
  {
    "title": "Hellstrøms Ytrefilet av Angus",
    "subtitle": "Til 2 Personer, 400 g",
    "category": { "sub": "Kjøttdisken", "parent": "Mathall" },
    "price": { "price": 264, "unitPrice": 660, "unit": "kg", "qty": 0.4 }
  },
  {
    "title": "Hellstrøms Côte De Boeuf av Angus",
    "subtitle": "Til 3-4 Personer, 800 g",
    "category": { "sub": "Kjøttdisken", "parent": "Mathall" },
    "price": { "price": 528, "unitPrice": 660, "unit": "kg", "qty": 0.8 }
  },
  {
    "title": "Okse T-benstek",
    "subtitle": "380 g",
    "category": { "sub": "Kjøttdisken", "parent": "Mathall" },
    "price": { "price": 208, "unitPrice": 547.37, "unit": "kg", "qty": 0.38 }
  },
  {
    "title": "Hellstrøms Økologisk Svinenakke uten Ben",
    "subtitle": "500 g",
    "category": { "sub": "Kjøttdisken", "parent": "Mathall" },
    "price": { "price": 147.9, "unitPrice": 295.8, "unit": "kg", "qty": 0.5 }
  },
  {
    "title": "Lammecarré",
    "subtitle": "Fra New Zealand, 970 g",
    "category": { "sub": "Kjøttdisken", "parent": "Mathall" },
    "price": { "price": 379, "unitPrice": 390.72, "unit": "kg", "qty": 0.97 }
  },
  {
    "title": "Lammekoteletter",
    "subtitle": "Strøm-Larsen, 1 kg",
    "category": { "sub": "Kjøttdisken", "parent": "Mathall" },
    "price": { "price": 249, "unitPrice": 249, "unit": "kg", "qty": 1 }
  },
  {
    "title": "Okse Bibringe",
    "subtitle": "600 g",
    "category": { "sub": "Kjøttdisken", "parent": "Mathall" },
    "price": { "price": 91.6, "unitPrice": 152.67, "unit": "kg", "qty": 0.6 }
  },
  {
    "title": "Oksehaler",
    "subtitle": "Fryst, 1 kg",
    "category": { "sub": "Kjøttdisken", "parent": "Mathall" },
    "price": { "price": 129.6, "unitPrice": 129.6, "unit": "kg", "qty": 1 }
  },
  {
    "title": "Lammebog Uten Ben i Terninger",
    "subtitle": "600 g",
    "category": { "sub": "Kjøttdisken", "parent": "Mathall" },
    "price": { "price": 166.4, "unitPrice": 277.33, "unit": "kg", "qty": 0.6 }
  },
  {
    "title": "Okse Høyrygg i Terninger",
    "subtitle": "500 g",
    "category": { "sub": "Kjøttdisken", "parent": "Mathall" },
    "price": { "price": 147.7, "unitPrice": 295.4, "unit": "kg", "qty": 0.5 }
  },
  {
    "title": "Nakke av Villsvin",
    "subtitle": "Uten Ben, ca. 400 g",
    "category": { "sub": "Kjøttdisken", "parent": "Mathall" },
    "price": { "price": 109, "unitPrice": 272.5, "unit": "kg", "qty": 0.4 }
  },
  {
    "title": "Ferske Hamburgere",
    "subtitle": "2 stk",
    "category": { "sub": "Kjøttdisken", "parent": "Mathall" },
    "price": { "price": 99, "unitPrice": 275, "unit": "kg", "qty": 0.36 }
  },
  {
    "title": "Hamburger med Koriander, Chili og Persille",
    "subtitle": "4 stk",
    "category": { "sub": "Kjøttdisken", "parent": "Mathall" },
    "price": { "price": 149, "unitPrice": 232.81, "unit": "kg", "qty": 0.64 }
  },
  {
    "title": "Kjøttdeig Økologisk",
    "subtitle": "400 g",
    "category": { "sub": "Kjøttdisken", "parent": "Mathall" },
    "price": { "price": 96, "unitPrice": 240, "unit": "kg", "qty": 0.4 }
  },
  {
    "title": "Karbonadedeig Økologisk",
    "subtitle": "400 g",
    "category": { "sub": "Kjøttdisken", "parent": "Mathall" },
    "price": { "price": 105.6, "unitPrice": 264, "unit": "kg", "qty": 0.4 }
  },
  {
    "title": "Hellstrøms Salsiccia Rå",
    "subtitle": "4 stk",
    "category": { "sub": "Kjøttdisken", "parent": "Mathall" },
    "price": { "price": 89.9, "unitPrice": 224.75, "unit": "kg", "qty": 0.4 }
  },
  {
    "title": "Hellstrøms Angus Pølser",
    "subtitle": "4 stk",
    "category": { "sub": "Kjøttdisken", "parent": "Mathall" },
    "price": { "price": 69.9, "unitPrice": 174.75, "unit": "kg", "qty": 0.4 }
  },
  {
    "title": "Økologisk Bratwurst",
    "subtitle": "Spikkerud Gård, 3 stk",
    "category": { "sub": "Kjøttdisken", "parent": "Mathall" },
    "price": { "price": 79.9, "unitPrice": 228.29, "unit": "kg", "qty": 0.35 }
  },
  {
    "title": "Lammepølser",
    "subtitle": "3 Stk, 300 g",
    "category": { "sub": "Kjøttdisken", "parent": "Mathall" },
    "price": { "price": 69.9, "unitPrice": 233, "unit": "kg", "qty": 0.3 }
  },
  {
    "title": "Grillpølser Lange",
    "subtitle": "3 stk, 300 g",
    "category": { "sub": "Kjøttdisken", "parent": "Mathall" },
    "price": { "price": 59.9, "unitPrice": 199.67, "unit": "kg", "qty": 0.3 }
  },
  {
    "title": "Kreolsk Chillipølser",
    "subtitle": "3 Stk, 300 g",
    "category": { "sub": "Kjøttdisken", "parent": "Mathall" },
    "price": { "price": 69.9, "unitPrice": 233, "unit": "kg", "qty": 0.3 }
  },
  {
    "title": "Over Oslo Pølser med Ramsløk",
    "subtitle": "Norgesmester 2020, 3 stk",
    "category": { "sub": "Kjøttdisken", "parent": "Mathall" },
    "price": { "price": 69.9, "unitPrice": 233, "unit": "kg", "qty": 0.3 }
  },
  {
    "title": "Ostepølser med Chili",
    "subtitle": "Norgesmester 2020, 3 stk",
    "category": { "sub": "Kjøttdisken", "parent": "Mathall" },
    "price": { "price": 69.9, "unitPrice": 233, "unit": "kg", "qty": 0.3 }
  },
  {
    "title": "Rostbrattwürst Pølser",
    "subtitle": "3 Stk, 300 g",
    "category": { "sub": "Kjøttdisken", "parent": "Mathall" },
    "price": { "price": 69.9, "unitPrice": 233, "unit": "kg", "qty": 0.3 }
  },
  {
    "title": "Løkpølse",
    "subtitle": "Norgesmester 2020, 3 stk",
    "category": { "sub": "Kjøttdisken", "parent": "Mathall" },
    "price": { "price": 64.9, "unitPrice": 216.33, "unit": "kg", "qty": 0.3 }
  },
  {
    "title": "Wienerpølser",
    "subtitle": "Ca. 28 stk",
    "category": { "sub": "Kjøttdisken", "parent": "Mathall" },
    "price": { "price": 279, "unitPrice": 139.5, "unit": "kg", "qty": 2 }
  },
  {
    "title": "Bøkerøkt Frankfurter",
    "subtitle": "Norgesmester 2020, 3 stk",
    "category": { "sub": "Kjøttdisken", "parent": "Mathall" },
    "price": { "price": 64.9, "unitPrice": 216.33, "unit": "kg", "qty": 0.3 }
  },
  {
    "title": "Sterk Østfolding",
    "subtitle": "Grov Pølse, 3 stk",
    "category": { "sub": "Kjøttdisken", "parent": "Mathall" },
    "price": { "price": 49.9, "unitPrice": 142.57, "unit": "kg", "qty": 0.35 }
  },
  {
    "title": "Grov Østfolding",
    "subtitle": "Grov Pølse, 3 stk",
    "category": { "sub": "Kjøttdisken", "parent": "Mathall" },
    "price": { "price": 49.9, "unitPrice": 142.57, "unit": "kg", "qty": 0.35 }
  },
  {
    "title": "Økologiske Medisterkaker",
    "subtitle": "Hov Kjøtt, 500 g",
    "category": { "sub": "Kjøttdisken", "parent": "Mathall" },
    "price": { "price": 119, "unitPrice": 238, "unit": "kg", "qty": 0.5 }
  },
  {
    "title": "Flatbird Med Oregano, Hvitløk & Paprika",
    "subtitle": "700 g",
    "category": { "sub": "Kjøttdisken", "parent": "Mathall" },
    "price": { "price": 114.5, "unitPrice": 163.57, "unit": "kg", "qty": 0.7 }
  },
  {
    "title": "Flatbird Med Salvie & Sitron",
    "subtitle": "700 g",
    "category": { "sub": "Kjøttdisken", "parent": "Mathall" },
    "price": { "price": 114.5, "unitPrice": 163.57, "unit": "kg", "qty": 0.7 }
  },
  {
    "title": "Kyllinglår med Smør",
    "subtitle": "Rett i Ovnen, 260 g",
    "category": { "sub": "Kjøttdisken", "parent": "Mathall" },
    "price": { "price": 57.9, "unitPrice": 222.69, "unit": "kg", "qty": 0.26 }
  },
  {
    "title": "Kyllingbryst",
    "subtitle": "Med Pancetta og Kryddersmør, 260 g",
    "category": { "sub": "Kjøttdisken", "parent": "Mathall" },
    "price": { "price": 90.6, "unitPrice": 348.46, "unit": "kg", "qty": 0.26 }
  },
  {
    "title": "Økologisk Kyllingbryst Med Skinn",
    "subtitle": "ca. 290 g",
    "category": { "sub": "Kjøttdisken", "parent": "Mathall" },
    "price": { "price": 129, "unitPrice": 444.83, "unit": "kg", "qty": 0.29 }
  },
  {
    "title": "Økologisk Hel kylling",
    "subtitle": "ca. 2,4 kg",
    "category": { "sub": "Kjøttdisken", "parent": "Mathall" },
    "price": { "price": 369, "unitPrice": 153.75, "unit": "kg", "qty": 2.4 }
  },
  {
    "title": "Økologisk Kyllingfilet I Skiver",
    "subtitle": "ca. 400 g",
    "category": { "sub": "Kjøttdisken", "parent": "Mathall" },
    "price": { "price": 179, "unitPrice": 447.5, "unit": "kg", "qty": 0.4 }
  },
  {
    "title": "Økologisk Kalkunkjøttdeig",
    "subtitle": "ca. 420 g",
    "category": { "sub": "Kjøttdisken", "parent": "Mathall" },
    "price": { "price": 104, "unitPrice": 247.62, "unit": "kg", "qty": 0.42 }
  },
  {
    "title": "Økologisk Kyllingkjøttdeig",
    "subtitle": "ca. 500 g",
    "category": { "sub": "Kjøttdisken", "parent": "Mathall" },
    "price": { "price": 119, "unitPrice": 238, "unit": "kg", "qty": 0.5 }
  },
  {
    "title": "Karbonadedeig Av Elg",
    "subtitle": "Fryst, 400 g",
    "category": { "sub": "Kjøttdisken", "parent": "Mathall" },
    "price": { "price": 139, "unitPrice": 347.5, "unit": "kg", "qty": 0.4 }
  },
  {
    "title": "Braisert Lammeskank",
    "subtitle": "ca. 500 g",
    "category": { "sub": "Kjøttdisken", "parent": "Mathall" },
    "price": { "price": 119, "unitPrice": 238, "unit": "kg", "qty": 0.5 }
  },
  {
    "title": "Rå Lammeskank",
    "subtitle": "400 g",
    "category": { "sub": "Kjøttdisken", "parent": "Mathall" },
    "price": { "price": 119, "unitPrice": 297.5, "unit": "kg", "qty": 0.4 }
  },
  {
    "title": "Røkte Skinkeknoker",
    "subtitle": "1,4 kg",
    "category": { "sub": "Kjøttdisken", "parent": "Mathall" },
    "price": { "price": 121.3, "unitPrice": 86.64, "unit": "kg", "qty": 1.4 }
  },
  {
    "title": "Salte Knoker",
    "subtitle": "1,4 kg",
    "category": { "sub": "Kjøttdisken", "parent": "Mathall" },
    "price": { "price": 124.8, "unitPrice": 89.14, "unit": "kg", "qty": 1.4 }
  },
  {
    "title": "Spareribs av Fjellgris",
    "subtitle": "ca. 600 g",
    "category": { "sub": "Kjøttdisken", "parent": "Mathall" },
    "price": { "price": 139, "unitPrice": 231.67, "unit": "kg", "qty": 0.6 }
  },
  {
    "title": "Filetbacon av Fjellgris",
    "subtitle": "Skivet, 250 g",
    "category": { "sub": "Kjøttdisken", "parent": "Mathall" },
    "price": { "price": 74.9, "unitPrice": 299.6, "unit": "kg", "qty": 0.25 }
  },
  {
    "title": "Fjellgrisbacon",
    "subtitle": "Skivet, 250 g",
    "category": { "sub": "Kjøttdisken", "parent": "Mathall" },
    "price": { "price": 89.9, "unitPrice": 359.6, "unit": "kg", "qty": 0.25 }
  },
  {
    "title": "Nakkebacon av Fjellgris",
    "subtitle": "Skivet, 250 g",
    "category": { "sub": "Kjøttdisken", "parent": "Mathall" },
    "price": { "price": 79.9, "unitPrice": 319.6, "unit": "kg", "qty": 0.25 }
  },
  {
    "title": "Tørrsaltet bacon",
    "subtitle": "I Stk, 250 g",
    "category": { "sub": "Kjøttdisken", "parent": "Mathall" },
    "price": { "price": 119, "unitPrice": 476, "unit": "kg", "qty": 0.25 }
  },
  {
    "title": "Grove karbonader",
    "subtitle": "Med Løk, 5 stk",
    "category": { "sub": "Kjøttdisken", "parent": "Mathall" },
    "price": { "price": 79.9, "unitPrice": 177.56, "unit": "kg", "qty": 0.45 }
  },
  {
    "title": "Elgkarbonader",
    "subtitle": "3 stk",
    "category": { "sub": "Kjøttdisken", "parent": "Mathall" },
    "price": { "price": 49.9, "unitPrice": 184.81, "unit": "kg", "qty": 0.27 }
  },
  {
    "title": "Lunsjkaker",
    "subtitle": "3 stk",
    "category": { "sub": "Kjøttdisken", "parent": "Mathall" },
    "price": { "price": 39.9, "unitPrice": 147.78, "unit": "kg", "qty": 0.27 }
  },
  {
    "title": "Medisterkaker",
    "subtitle": "6 stk",
    "category": { "sub": "Kjøttdisken", "parent": "Mathall" },
    "price": { "price": 59.9, "unitPrice": 153.59, "unit": "kg", "qty": 0.39 }
  },
  {
    "title": "Høyfjellsrein Indrefilet av Reinsdyr",
    "subtitle": "ca. 180 g",
    "category": { "sub": "Kjøttdisken", "parent": "Mathall" },
    "price": { "price": 143.7, "unitPrice": 798.33, "unit": "kg", "qty": 0.18 }
  },
  {
    "title": "Villa Paradiso Pizza Capricciosa",
    "subtitle": "500 g",
    "category": { "sub": "Kjøttdisken", "parent": "Mathall" },
    "price": { "price": 139.9, "unitPrice": 279.8, "unit": "kg", "qty": 0.5 }
  },
  {
    "title": "Villa Paradiso Pizza Indiavolata",
    "subtitle": "500 g",
    "category": { "sub": "Kjøttdisken", "parent": "Mathall" },
    "price": { "price": 139.9, "unitPrice": 279.8, "unit": "kg", "qty": 0.5 }
  },
  {
    "title": "Villa Paradiso Pizza Margherita",
    "subtitle": "430 g",
    "category": { "sub": "Kjøttdisken", "parent": "Mathall" },
    "price": { "price": 119.9, "unitPrice": 278.84, "unit": "kg", "qty": 0.43 }
  },
  {
    "title": "Levende Blåskjell",
    "subtitle": "1 kg",
    "category": { "sub": "Fiskedisken", "parent": "Mathall" },
    "price": { "price": 72.2, "unitPrice": 72.2, "unit": "kg", "qty": 1 }
  },
  {
    "title": "Ferske Reker",
    "subtitle": "500 g",
    "category": { "sub": "Fiskedisken", "parent": "Mathall" },
    "price": { "price": 109, "unitPrice": 218, "unit": "kg", "qty": 0.5 }
  },
  {
    "title": "Laksefilet med skinn",
    "subtitle": "Oppdrett, fersk, ca. 400 g",
    "category": { "sub": "Fiskedisken", "parent": "Mathall" },
    "price": { "price": 114.3, "unitPrice": 285.75, "unit": "kg", "qty": 0.4 }
  },
  {
    "title": "Laksefilet med Skinn",
    "subtitle": "Oppdrett, Fersk, ca. 200 g",
    "category": { "sub": "Fiskedisken", "parent": "Mathall" },
    "price": { "price": 57.8, "unitPrice": 289, "unit": "kg", "qty": 0.2 }
  },
  {
    "title": "Seifilet uten Skinn",
    "subtitle": "Fersk villfisk, ca. 200 g",
    "category": { "sub": "Fiskedisken", "parent": "Mathall" },
    "price": { "price": 29, "unitPrice": 145, "unit": "kg", "qty": 0.2 }
  },
  {
    "title": "Seifilet uten Skinn",
    "subtitle": "Fersk villfisk, ca. 400 g",
    "category": { "sub": "Fiskedisken", "parent": "Mathall" },
    "price": { "price": 55.4, "unitPrice": 138.5, "unit": "kg", "qty": 0.4 }
  },
  {
    "title": "Ørretfilet med Skinn",
    "subtitle": "Oppdrett, Fersk, ca. 400 g",
    "category": { "sub": "Fiskedisken", "parent": "Mathall" },
    "price": { "price": 125.8, "unitPrice": 314.5, "unit": "kg", "qty": 0.4 }
  },
  {
    "title": "Ørretfilet med Skinn",
    "subtitle": "Oppdrett, Fersk, ca. 200 g",
    "category": { "sub": "Fiskedisken", "parent": "Mathall" },
    "price": { "price": 63.4, "unitPrice": 317, "unit": "kg", "qty": 0.2 }
  },
  {
    "title": "Fersk Torskefilet Uten Skinn",
    "subtitle": "ca. 400 g",
    "category": { "sub": "Fiskedisken", "parent": "Mathall" },
    "price": { "price": 98.4, "unitPrice": 246, "unit": "kg", "qty": 0.4 }
  },
  {
    "title": "Torskefilet uten Skinn",
    "subtitle": "Fersk villfisk, ca. 200 g",
    "category": { "sub": "Fiskedisken", "parent": "Mathall" },
    "price": { "price": 50.9, "unitPrice": 254.5, "unit": "kg", "qty": 0.2 }
  },
  {
    "title": "Torskefilet Lettsaltet",
    "subtitle": "Med Skinn Villfisk, ca. 400 g",
    "category": { "sub": "Fiskedisken", "parent": "Mathall" },
    "price": { "price": 77.9, "unitPrice": 194.75, "unit": "kg", "qty": 0.4 }
  },
  {
    "title": "Torskefilet Lettsaltet",
    "subtitle": "Med Skinn Villfisk, ca. 200 g",
    "category": { "sub": "Fiskedisken", "parent": "Mathall" },
    "price": { "price": 47.8, "unitPrice": 239, "unit": "kg", "qty": 0.2 }
  },
  {
    "title": "Laksebiff Uten Skinn",
    "subtitle": ", Garantert Beinfri, 4 stk",
    "category": { "sub": "Fiskedisken", "parent": "Mathall" },
    "price": { "price": 149, "unitPrice": 298, "unit": "kg", "qty": 0.5 }
  },
  {
    "title": "Fersk Brosmefilet",
    "subtitle": "Uten Skinn, ca. 400 g",
    "category": { "sub": "Fiskedisken", "parent": "Mathall" },
    "price": { "price": 108.4, "unitPrice": 271, "unit": "kg", "qty": 0.4 }
  },
  {
    "title": "Fersk Brosmefilet",
    "subtitle": "Uten Skinn, ca. 200 g",
    "category": { "sub": "Fiskedisken", "parent": "Mathall" },
    "price": { "price": 54.4, "unitPrice": 272, "unit": "kg", "qty": 0.2 }
  },
  {
    "title": "Smørflyndrefilet",
    "subtitle": "Villfisk, ca. 400 g",
    "category": { "sub": "Fiskedisken", "parent": "Mathall" },
    "price": { "price": 139.2, "unitPrice": 348, "unit": "kg", "qty": 0.4 }
  },
  {
    "title": "Smørflyndrefilet",
    "subtitle": "Villfisk, ca. 200 g",
    "category": { "sub": "Fiskedisken", "parent": "Mathall" },
    "price": { "price": 72.2, "unitPrice": 361, "unit": "kg", "qty": 0.2 }
  },
  {
    "title": "Fersk Langefilet",
    "subtitle": "Uten Skinn, ca. 200 g",
    "category": { "sub": "Fiskedisken", "parent": "Mathall" },
    "price": { "price": 52.9, "unitPrice": 264.5, "unit": "kg", "qty": 0.2 }
  },
  {
    "title": "Fersk Langefilet",
    "subtitle": "Uten Skinn, ca. 400 g",
    "category": { "sub": "Fiskedisken", "parent": "Mathall" },
    "price": { "price": 99, "unitPrice": 247.5, "unit": "kg", "qty": 0.4 }
  },
  {
    "title": "Røkt Torskefilet",
    "subtitle": "Med Skinn, ca. 400 g",
    "category": { "sub": "Fiskedisken", "parent": "Mathall" },
    "price": { "price": 100.2, "unitPrice": 250.5, "unit": "kg", "qty": 0.4 }
  },
  {
    "title": "Kaldrøkt Laks",
    "subtitle": "250 g",
    "category": { "sub": "Fiskedisken", "parent": "Mathall" },
    "price": { "price": 139, "unitPrice": 556, "unit": "kg", "qty": 0.25 }
  },
  {
    "title": "Røyksteamet Gravet Laks",
    "subtitle": "250 g",
    "category": { "sub": "Fiskedisken", "parent": "Mathall" },
    "price": { "price": 139, "unitPrice": 556, "unit": "kg", "qty": 0.25 }
  },
  {
    "title": "Kaldrøkt Hval",
    "subtitle": "250 g",
    "category": { "sub": "Fiskedisken", "parent": "Mathall" },
    "price": { "price": 139, "unitPrice": 556, "unit": "kg", "qty": 0.25 }
  },
  {
    "title": "Gulfinnet Tunfiskfilet",
    "subtitle": "Uten Skinn & Ben, 190 g",
    "category": { "sub": "Fiskedisken", "parent": "Mathall" },
    "price": { "price": 38.2, "unitPrice": 201.05, "unit": "kg", "qty": 0.19 }
  },
  {
    "title": "Fryst Klo av Kongekrabbe",
    "subtitle": "Rå, 400 g",
    "category": { "sub": "Fiskedisken", "parent": "Mathall" },
    "price": { "price": 369, "unitPrice": 922.5, "unit": "kg", "qty": 0.4 }
  },
  {
    "title": "Fryst Kongekrabbe Ben Nedre Del",
    "subtitle": "Rå, 400 g",
    "category": { "sub": "Fiskedisken", "parent": "Mathall" },
    "price": { "price": 369, "unitPrice": 922.5, "unit": "kg", "qty": 0.4 }
  },
  {
    "title": "Fryst Kongekrabbe Ben Toppstykket",
    "subtitle": "Rå, 400 g",
    "category": { "sub": "Fiskedisken", "parent": "Mathall" },
    "price": { "price": 379, "unitPrice": 947.5, "unit": "kg", "qty": 0.4 }
  },
  {
    "title": "Kokt Kongekrabbe",
    "subtitle": "1 kg",
    "category": { "sub": "Fiskedisken", "parent": "Mathall" },
    "price": { "price": 599, "unitPrice": 599, "unit": "kg", "qty": 1 }
  },
  {
    "title": "Ekstra Store Frosne Reker",
    "subtitle": "Str 50/70, 5 kg",
    "category": { "sub": "Fiskedisken", "parent": "Mathall" },
    "price": { "price": 851.4, "unitPrice": 170.28, "unit": "kg", "qty": 5 }
  },
  {
    "title": "Russisk Størkaviar",
    "subtitle": "30 g",
    "category": { "sub": "Fiskedisken", "parent": "Mathall" },
    "price": {
      "price": 479.9,
      "unitPrice": 15996.67,
      "unit": "kg",
      "qty": 0.03
    }
  },
  {
    "title": "Tørrfisksnacks",
    "subtitle": "Sprø Biter, 100 g",
    "category": { "sub": "Fiskedisken", "parent": "Mathall" },
    "price": { "price": 177.9, "unitPrice": 1779, "unit": "kg", "qty": 0.1 }
  },
  {
    "title": "Tørrfisksnacks Filet",
    "subtitle": "100 g",
    "category": { "sub": "Fiskedisken", "parent": "Mathall" },
    "price": { "price": 163.8, "unitPrice": 1638, "unit": "kg", "qty": 0.1 }
  },
  {
    "title": "Klippfisk Loin Uten Skinn og Bein",
    "subtitle": "Utvannet, 400 g",
    "category": { "sub": "Fiskedisken", "parent": "Mathall" },
    "price": { "price": 124.9, "unitPrice": 312.25, "unit": "kg", "qty": 0.4 }
  },
  {
    "title": "Fransk Surdeigsbrød",
    "subtitle": "1 stk",
    "category": { "sub": "Brød og bakevarer", "parent": "Mathall" },
    "price": { "price": 49.9, "unitPrice": 71.29, "unit": "kg", "qty": 0.7 }
  },
  {
    "title": "7-kornbrød",
    "subtitle": "1 stk",
    "category": { "sub": "Brød og bakevarer", "parent": "Mathall" },
    "price": { "price": 42.5, "unitPrice": 60.71, "unit": "kg", "qty": 0.7 }
  },
  {
    "title": "Tyrolerbrød",
    "subtitle": "Steinovnsbakt, 1 stk",
    "category": { "sub": "Brød og bakevarer", "parent": "Mathall" },
    "price": { "price": 43.9, "unitPrice": 58.53, "unit": "kg", "qty": 0.75 }
  },
  {
    "title": "Muslibrød",
    "subtitle": "1 stk",
    "category": { "sub": "Brød og bakevarer", "parent": "Mathall" },
    "price": { "price": 42.9, "unitPrice": 55, "unit": "kg", "qty": 0.78 }
  },
  {
    "title": "Nybakt Økologisk Speltbrød",
    "subtitle": "1 stk",
    "category": { "sub": "Brød og bakevarer", "parent": "Mathall" },
    "price": { "price": 59.9, "unitPrice": 77.79, "unit": "kg", "qty": 0.77 }
  },
  {
    "title": "Dansk Rugbrød",
    "subtitle": "1 stk",
    "category": { "sub": "Brød og bakevarer", "parent": "Mathall" },
    "price": { "price": 40.9, "unitPrice": 51.13, "unit": "kg", "qty": 0.8 }
  },
  {
    "title": "Ferskt Gulrotbrød",
    "subtitle": "1 stk",
    "category": { "sub": "Brød og bakevarer", "parent": "Mathall" },
    "price": { "price": 39.9, "unitPrice": 66.5, "unit": "kg", "qty": 0.6 }
  },
  {
    "title": "Focaccia",
    "subtitle": "Med Oliven, 500 g",
    "category": { "sub": "Brød og bakevarer", "parent": "Mathall" },
    "price": { "price": 49.9, "unitPrice": 99.8, "unit": "kg", "qty": 0.5 }
  },
  {
    "title": "Campaillou, Fransk Landbrød",
    "subtitle": "Steinovnsbakt, 1,5 kg",
    "category": { "sub": "Brød og bakevarer", "parent": "Mathall" },
    "price": { "price": 79.9, "unitPrice": 53.27, "unit": "kg", "qty": 1.5 }
  },
  {
    "title": "Glutenfritt Grovbrød",
    "subtitle": "1 stk",
    "category": { "sub": "Brød og bakevarer", "parent": "Mathall" },
    "price": { "price": 69.9, "unitPrice": 170.49, "unit": "kg", "qty": 0.41 }
  },
  {
    "title": "Fersk Baguette Med Frø",
    "subtitle": "1 stk",
    "category": { "sub": "Brød og bakevarer", "parent": "Mathall" },
    "price": { "price": 29.9, "unitPrice": 85.43, "unit": "kg", "qty": 0.35 }
  },
  {
    "title": "Fersk Fin Baguette",
    "subtitle": "350 g",
    "category": { "sub": "Brød og bakevarer", "parent": "Mathall" },
    "price": { "price": 29.9, "unitPrice": 85.43, "unit": "kg", "qty": 0.35 }
  },
  {
    "title": "Økologiske Grove Baguetter",
    "subtitle": "Halvstekte, 5 stk",
    "category": { "sub": "Brød og bakevarer", "parent": "Mathall" },
    "price": { "price": 89.9, "unitPrice": 119.87, "unit": "kg", "qty": 0.75 }
  },
  {
    "title": "Kornrundstykker",
    "subtitle": "4 stk",
    "category": { "sub": "Brød og bakevarer", "parent": "Mathall" },
    "price": { "price": 39.9, "unitPrice": 79.8, "unit": "kg", "qty": 0.5 }
  },
  {
    "title": "Grove Scones",
    "subtitle": "4 stk",
    "category": { "sub": "Brød og bakevarer", "parent": "Mathall" },
    "price": { "price": 69.9, "unitPrice": 116.5, "unit": "kg", "qty": 0.6 }
  },
  {
    "title": "Grove Økologiske Rundstykker",
    "subtitle": "Halvstekte, 9 stk",
    "category": { "sub": "Brød og bakevarer", "parent": "Mathall" },
    "price": { "price": 89.9, "unitPrice": 89.9, "unit": "kg", "qty": 1 }
  },
  {
    "title": "Croissant",
    "subtitle": "4 stk",
    "category": { "sub": "Brød og bakevarer", "parent": "Mathall" },
    "price": { "price": 59.9, "unitPrice": 166.39, "unit": "kg", "qty": 0.36 }
  },
  {
    "title": "Ferske Kanelsnurrer",
    "subtitle": "4 stk",
    "category": { "sub": "Brød og bakevarer", "parent": "Mathall" },
    "price": { "price": 69.9, "unitPrice": 120.52, "unit": "kg", "qty": 0.58 }
  },
  {
    "title": "Croissant",
    "subtitle": "2 stk",
    "category": { "sub": "Brød og bakevarer", "parent": "Mathall" },
    "price": { "price": 39.9, "unitPrice": 221.67, "unit": "kg", "qty": 0.18 }
  },
  {
    "title": "Ferske Boller med Sjokolade",
    "subtitle": "4 stk",
    "category": { "sub": "Brød og bakevarer", "parent": "Mathall" },
    "price": { "price": 59.9, "unitPrice": 110.93, "unit": "kg", "qty": 0.54 }
  },
  {
    "title": "Økologiske Pitabrød",
    "subtitle": "Med Spelt, 2 stk",
    "category": { "sub": "Brød og bakevarer", "parent": "Mathall" },
    "price": { "price": 29.9, "unitPrice": 166.11, "unit": "kg", "qty": 0.18 }
  },
  {
    "title": "Ferske Hveteboller",
    "subtitle": "4 stk",
    "category": { "sub": "Brød og bakevarer", "parent": "Mathall" },
    "price": { "price": 59.9, "unitPrice": 110.93, "unit": "kg", "qty": 0.54 }
  },
  {
    "title": "Knekkebrød Chia & Gulrot",
    "subtitle": "150 g",
    "category": { "sub": "Brød og bakevarer", "parent": "Mathall" },
    "price": { "price": 49, "unitPrice": 326.67, "unit": "kg", "qty": 0.15 }
  },
  {
    "title": "Knekkebrød Original",
    "subtitle": "150 g",
    "category": { "sub": "Brød og bakevarer", "parent": "Mathall" },
    "price": { "price": 49, "unitPrice": 326.67, "unit": "kg", "qty": 0.15 }
  },
  {
    "title": "Speltkjeks",
    "subtitle": "150 g",
    "category": { "sub": "Brød og bakevarer", "parent": "Mathall" },
    "price": { "price": 59.8, "unitPrice": 398.67, "unit": "kg", "qty": 0.15 }
  },
  {
    "title": "Rosinboller",
    "subtitle": "4 stk",
    "category": { "sub": "Brød og bakevarer", "parent": "Mathall" },
    "price": { "price": 49.9, "unitPrice": 92.41, "unit": "kg", "qty": 0.54 }
  },
  {
    "title": "Ferske Kanelsnurrer",
    "subtitle": "2 stk",
    "category": { "sub": "Brød og bakevarer", "parent": "Mathall" },
    "price": { "price": 49.9, "unitPrice": 172.07, "unit": "kg", "qty": 0.29 }
  },
  {
    "title": "Brioche Hamburgerbrød",
    "subtitle": "4 stk",
    "category": { "sub": "Brød og bakevarer", "parent": "Mathall" },
    "price": { "price": 29.9, "unitPrice": 83.06, "unit": "kg", "qty": 0.36 }
  },
  {
    "title": "Chablis",
    "subtitle": "Rødkittost, 200 g",
    "category": { "sub": "Ostedisken", "parent": "Mathall" },
    "price": { "price": 98.4, "unitPrice": 492, "unit": "kg", "qty": 0.2 }
  },
  {
    "title": "Camembert Le Rustique",
    "subtitle": "250 g",
    "category": { "sub": "Ostedisken", "parent": "Mathall" },
    "price": { "price": 56.8, "unitPrice": 227.2, "unit": "kg", "qty": 0.25 }
  },
  {
    "title": "Brie de Paris",
    "subtitle": "250 g",
    "category": { "sub": "Ostedisken", "parent": "Mathall" },
    "price": { "price": 62.2, "unitPrice": 248.8, "unit": "kg", "qty": 0.25 }
  },
  {
    "title": "Epoisses de Bourgogne AOP",
    "subtitle": "250 g",
    "category": { "sub": "Ostedisken", "parent": "Mathall" },
    "price": { "price": 173.8, "unitPrice": 695.2, "unit": "kg", "qty": 0.25 }
  },
  {
    "title": "Le Crémier de Chaumes",
    "subtitle": "250 g",
    "category": { "sub": "Ostedisken", "parent": "Mathall" },
    "price": { "price": 120.9, "unitPrice": 483.6, "unit": "kg", "qty": 0.25 }
  },
  {
    "title": "Petit Delice Des Cremieres",
    "subtitle": "200 g",
    "category": { "sub": "Ostedisken", "parent": "Mathall" },
    "price": { "price": 130.2, "unitPrice": 651, "unit": "kg", "qty": 0.2 }
  },
  {
    "title": "Bufar",
    "subtitle": "320 g",
    "category": { "sub": "Ostedisken", "parent": "Mathall" },
    "price": { "price": 126.9, "unitPrice": 396.56, "unit": "kg", "qty": 0.32 }
  },
  {
    "title": "Helin Nøkkelost",
    "subtitle": "350 g",
    "category": { "sub": "Ostedisken", "parent": "Mathall" },
    "price": { "price": 162.9, "unitPrice": 465.43, "unit": "kg", "qty": 0.35 }
  },
  {
    "title": "Prima Donna Fino",
    "subtitle": "220 g",
    "category": { "sub": "Ostedisken", "parent": "Mathall" },
    "price": { "price": 86.3, "unitPrice": 392.27, "unit": "kg", "qty": 0.22 }
  },
  {
    "title": "Prima Donna Maturo",
    "subtitle": "220 g",
    "category": { "sub": "Ostedisken", "parent": "Mathall" },
    "price": { "price": 92.8, "unitPrice": 421.82, "unit": "kg", "qty": 0.22 }
  },
  {
    "title": "Camembert",
    "subtitle": "250 g",
    "category": { "sub": "Ostedisken", "parent": "Mathall" },
    "price": { "price": 52.8, "unitPrice": 211.2, "unit": "kg", "qty": 0.25 }
  },
  {
    "title": "Fersk Burrata",
    "subtitle": "125 g",
    "category": { "sub": "Ostedisken", "parent": "Mathall" },
    "price": { "price": 41.9, "unitPrice": 335.2, "unit": "kg", "qty": 0.13 }
  },
  {
    "title": "Mini Brie",
    "subtitle": "Økologisk, 150 g",
    "category": { "sub": "Ostedisken", "parent": "Mathall" },
    "price": { "price": 51, "unitPrice": 340, "unit": "kg", "qty": 0.15 }
  },
  {
    "title": "Tine Dovretinde",
    "subtitle": "150 g",
    "category": { "sub": "Ostedisken", "parent": "Mathall" },
    "price": { "price": 50, "unitPrice": 333.33, "unit": "kg", "qty": 0.15 }
  },
  {
    "title": "Økologisk Brie",
    "subtitle": "150 g",
    "category": { "sub": "Ostedisken", "parent": "Mathall" },
    "price": { "price": 44.6, "unitPrice": 297.33, "unit": "kg", "qty": 0.15 }
  },
  {
    "title": "Brie Pepper",
    "subtitle": "150 g",
    "category": { "sub": "Ostedisken", "parent": "Mathall" },
    "price": { "price": 41.6, "unitPrice": 277.33, "unit": "kg", "qty": 0.15 }
  },
  {
    "title": "Norsk Brie",
    "subtitle": "150 g",
    "category": { "sub": "Ostedisken", "parent": "Mathall" },
    "price": { "price": 48.2, "unitPrice": 321.33, "unit": "kg", "qty": 0.15 }
  },
  {
    "title": "Balsfjord",
    "subtitle": "300 g",
    "category": { "sub": "Ostedisken", "parent": "Mathall" },
    "price": { "price": 82.4, "unitPrice": 274.67, "unit": "kg", "qty": 0.3 }
  },
  {
    "title": "Cheddar Little Black Bomber",
    "subtitle": "200 g",
    "category": { "sub": "Ostedisken", "parent": "Mathall" },
    "price": { "price": 119.3, "unitPrice": 596.5, "unit": "kg", "qty": 0.2 }
  },
  {
    "title": "Ricotta",
    "subtitle": "Ambrosi, 250 g",
    "category": { "sub": "Ostedisken", "parent": "Mathall" },
    "price": { "price": 27.3, "unitPrice": 109.2, "unit": "kg", "qty": 0.25 }
  },
  {
    "title": "Fransk Rød",
    "subtitle": "En Verden av Oster, 220 g",
    "category": { "sub": "Ostedisken", "parent": "Mathall" },
    "price": { "price": 43.5, "unitPrice": 197.73, "unit": "kg", "qty": 0.22 }
  },
  {
    "title": "Roquefort Vernieres AOP",
    "subtitle": "100 g",
    "category": { "sub": "Ostedisken", "parent": "Mathall" },
    "price": { "price": 72.8, "unitPrice": 728, "unit": "kg", "qty": 0.1 }
  },
  {
    "title": "Saint Agur",
    "subtitle": "125 g",
    "category": { "sub": "Ostedisken", "parent": "Mathall" },
    "price": { "price": 92.8, "unitPrice": 742.4, "unit": "kg", "qty": 0.13 }
  },
  {
    "title": "Taleggio DOP",
    "subtitle": "200 g",
    "category": { "sub": "Ostedisken", "parent": "Mathall" },
    "price": { "price": 86.3, "unitPrice": 431.5, "unit": "kg", "qty": 0.2 }
  },
  {
    "title": "Gorgonzola Dolce",
    "subtitle": "150 g",
    "category": { "sub": "Ostedisken", "parent": "Mathall" },
    "price": { "price": 56.4, "unitPrice": 376, "unit": "kg", "qty": 0.15 }
  },
  {
    "title": "Greco Ekte Fetaost",
    "subtitle": "150 g",
    "category": { "sub": "Ostedisken", "parent": "Mathall" },
    "price": { "price": 48.7, "unitPrice": 324.67, "unit": "kg", "qty": 0.15 }
  },
  {
    "title": "Chèvre",
    "subtitle": "120 g",
    "category": { "sub": "Ostedisken", "parent": "Mathall" },
    "price": { "price": 54.3, "unitPrice": 452.5, "unit": "kg", "qty": 0.12 }
  },
  {
    "title": "Chevre Haukeli Naturell",
    "subtitle": "190 g",
    "category": { "sub": "Ostedisken", "parent": "Mathall" },
    "price": { "price": 59.8, "unitPrice": 314.74, "unit": "kg", "qty": 0.19 }
  },
  {
    "title": "Chevre Ramsløk Haukeli",
    "subtitle": "120 g",
    "category": { "sub": "Ostedisken", "parent": "Mathall" },
    "price": { "price": 62.5, "unitPrice": 520.83, "unit": "kg", "qty": 0.12 }
  },
  {
    "title": "Gresk Feta PDO",
    "subtitle": "200 g",
    "category": { "sub": "Ostedisken", "parent": "Mathall" },
    "price": { "price": 51.8, "unitPrice": 259, "unit": "kg", "qty": 0.2 }
  },
  {
    "title": "Gresk Feta PDO",
    "subtitle": "Økologisk, 200 g",
    "category": { "sub": "Ostedisken", "parent": "Mathall" },
    "price": { "price": 73.1, "unitPrice": 365.5, "unit": "kg", "qty": 0.2 }
  },
  {
    "title": "Cheddar",
    "subtitle": "200 g",
    "category": { "sub": "Ostedisken", "parent": "Mathall" },
    "price": { "price": 52.4, "unitPrice": 262, "unit": "kg", "qty": 0.2 }
  },
  {
    "title": "Selbu Blå",
    "subtitle": "150 g",
    "category": { "sub": "Ostedisken", "parent": "Mathall" },
    "price": { "price": 34.7, "unitPrice": 231.33, "unit": "kg", "qty": 0.15 }
  },
  {
    "title": "Selbu Blå kraftig",
    "subtitle": "150 g",
    "category": { "sub": "Ostedisken", "parent": "Mathall" },
    "price": { "price": 49.8, "unitPrice": 332, "unit": "kg", "qty": 0.15 }
  },
  {
    "title": "Parmiggiano",
    "subtitle": "150 g",
    "category": { "sub": "Ostedisken", "parent": "Mathall" },
    "price": { "price": 57.8, "unitPrice": 385.33, "unit": "kg", "qty": 0.15 }
  },
  {
    "title": "Parmigiano Reggiano",
    "subtitle": "150 g",
    "category": { "sub": "Ostedisken", "parent": "Mathall" },
    "price": { "price": 63.6, "unitPrice": 424, "unit": "kg", "qty": 0.15 }
  },
  {
    "title": "Grana Padano",
    "subtitle": "200 g",
    "category": { "sub": "Ostedisken", "parent": "Mathall" },
    "price": { "price": 57.8, "unitPrice": 289, "unit": "kg", "qty": 0.2 }
  },
  {
    "title": "Grana Padano Trekant 10 mnd DOP",
    "subtitle": "200 g",
    "category": { "sub": "Ostedisken", "parent": "Mathall" },
    "price": { "price": 93.9, "unitPrice": 469.5, "unit": "kg", "qty": 0.2 }
  },
  {
    "title": "Manchego 3 mnd DOP",
    "subtitle": "200 g",
    "category": { "sub": "Ostedisken", "parent": "Mathall" },
    "price": { "price": 87.4, "unitPrice": 437, "unit": "kg", "qty": 0.2 }
  },
  {
    "title": "Manchego DOP",
    "subtitle": "Lagret 6 mnd, 150 g",
    "category": { "sub": "Ostedisken", "parent": "Mathall" },
    "price": { "price": 60.6, "unitPrice": 404, "unit": "kg", "qty": 0.15 }
  },
  {
    "title": "Halloumi",
    "subtitle": "Classic fra Alambra, 250 g",
    "category": { "sub": "Ostedisken", "parent": "Mathall" },
    "price": { "price": 69.8, "unitPrice": 279.2, "unit": "kg", "qty": 0.25 }
  },
  {
    "title": "Halloumi",
    "subtitle": "200 g",
    "category": { "sub": "Ostedisken", "parent": "Mathall" },
    "price": { "price": 50.1, "unitPrice": 250.5, "unit": "kg", "qty": 0.2 }
  },
  {
    "title": "Mozzarella di Bufala Fersk",
    "subtitle": "125 g",
    "category": { "sub": "Ostedisken", "parent": "Mathall" },
    "price": { "price": 49.8, "unitPrice": 398.4, "unit": "kg", "qty": 0.13 }
  },
  {
    "title": "Castello Blå",
    "subtitle": "150 g",
    "category": { "sub": "Ostedisken", "parent": "Mathall" },
    "price": { "price": 34.6, "unitPrice": 230.67, "unit": "kg", "qty": 0.15 }
  },
  {
    "title": "Castello Hvit",
    "subtitle": "150 g",
    "category": { "sub": "Ostedisken", "parent": "Mathall" },
    "price": { "price": 39.4, "unitPrice": 262.67, "unit": "kg", "qty": 0.15 }
  },
  {
    "title": "Castello White med Chili",
    "subtitle": "150 g",
    "category": { "sub": "Ostedisken", "parent": "Mathall" },
    "price": { "price": 42.8, "unitPrice": 285.33, "unit": "kg", "qty": 0.15 }
  },
  {
    "title": "Gamalost Frå Vik",
    "subtitle": "150 g",
    "category": { "sub": "Ostedisken", "parent": "Mathall" },
    "price": { "price": 53.8, "unitPrice": 358.67, "unit": "kg", "qty": 0.15 }
  },
  {
    "title": "Pultost Løiten",
    "subtitle": "180 g",
    "category": { "sub": "Ostedisken", "parent": "Mathall" },
    "price": { "price": 53.4, "unitPrice": 296.67, "unit": "kg", "qty": 0.18 }
  },
  {
    "title": "Saint Agur Creme",
    "subtitle": "150 g",
    "category": { "sub": "Ostedisken", "parent": "Mathall" },
    "price": { "price": 76.4, "unitPrice": 509.33, "unit": "kg", "qty": 0.15 }
  },
  {
    "title": "Halloumi",
    "subtitle": "225 g",
    "category": { "sub": "Ostedisken", "parent": "Mathall" },
    "price": { "price": 68.9, "unitPrice": 306.22, "unit": "kg", "qty": 0.23 }
  },
  {
    "title": "Ekte Hvit Geitost",
    "subtitle": "330 g",
    "category": { "sub": "Ostedisken", "parent": "Mathall" },
    "price": { "price": 65.8, "unitPrice": 199.39, "unit": "kg", "qty": 0.33 }
  },
  {
    "title": "Rå Melk Mildt Syrnet",
    "subtitle": "3.9% Naturell, 1 l",
    "category": { "sub": "Meieri og egg", "parent": "Mathall" },
    "price": { "price": 69.9, "unitPrice": 69.9, "unit": "l", "qty": 1 }
  },
  {
    "title": "Upasteurisert Rå Jordbæryoghurt",
    "subtitle": "500 ml",
    "category": { "sub": "Meieri og egg", "parent": "Mathall" },
    "price": { "price": 79.9, "unitPrice": 159.8, "unit": "l", "qty": 0.5 }
  },
  {
    "title": "Upasteurisert Rå Rømme",
    "subtitle": "40%, 250 ml",
    "category": { "sub": "Meieri og egg", "parent": "Mathall" },
    "price": { "price": 69.9, "unitPrice": 279.6, "unit": "l", "qty": 0.25 }
  },
  {
    "title": "Store Egg Fra Frittgående Høner",
    "subtitle": "Str L, 6 stk",
    "category": { "sub": "Meieri og egg", "parent": "Mathall" },
    "price": { "price": 32.6, "unitPrice": 79.9, "unit": "kg", "qty": 0.41 }
  },
  {
    "title": "Store Egg Fra Frittgående Høner",
    "subtitle": "Str L, 9 stk",
    "category": { "sub": "Meieri og egg", "parent": "Mathall" },
    "price": { "price": 43.8, "unitPrice": 71.57, "unit": "kg", "qty": 0.61 }
  },
  {
    "title": "Økologisk Cottage Cheese",
    "subtitle": "240 g",
    "category": { "sub": "Meieri og egg", "parent": "Mathall" },
    "price": { "price": 37.4, "unitPrice": 155.83, "unit": "kg", "qty": 0.24 }
  },
  {
    "title": "Økologisk Kremfløte",
    "subtitle": "3 dl",
    "category": { "sub": "Meieri og egg", "parent": "Mathall" },
    "price": { "price": 29.8, "unitPrice": 99.33, "unit": "l", "qty": 0.3 }
  },
  {
    "title": "Økologisk Lettrømme",
    "subtitle": "10 %, 250 g",
    "category": { "sub": "Meieri og egg", "parent": "Mathall" },
    "price": { "price": 21, "unitPrice": 84, "unit": "kg", "qty": 0.25 }
  },
  {
    "title": "Røros Rømme",
    "subtitle": "Økologisk, 250 g",
    "category": { "sub": "Meieri og egg", "parent": "Mathall" },
    "price": { "price": 38.4, "unitPrice": 153.6, "unit": "kg", "qty": 0.25 }
  },
  {
    "title": "Røros Smør",
    "subtitle": "Økologisk, 250 g",
    "category": { "sub": "Meieri og egg", "parent": "Mathall" },
    "price": { "price": 48.8, "unitPrice": 195.2, "unit": "kg", "qty": 0.25 }
  },
  {
    "title": "Økologisk Yoghurt",
    "subtitle": "Med Tyttebær, 450 g",
    "category": { "sub": "Meieri og egg", "parent": "Mathall" },
    "price": { "price": 41.5, "unitPrice": 92.22, "unit": "kg", "qty": 0.45 }
  },
  {
    "title": "Økologisk Røros Yoghurt",
    "subtitle": "450 g",
    "category": { "sub": "Meieri og egg", "parent": "Mathall" },
    "price": { "price": 31.8, "unitPrice": 70.67, "unit": "kg", "qty": 0.45 }
  },
  {
    "title": "Økologisk Røros Yoghurt",
    "subtitle": "Med Vanilje & Honning, 470 g",
    "category": { "sub": "Meieri og egg", "parent": "Mathall" },
    "price": { "price": 40.4, "unitPrice": 85.96, "unit": "kg", "qty": 0.47 }
  },
  {
    "title": "Økologisk Røros Yoghurt",
    "subtitle": "Med Jordbær & Rabarbra, 470 g",
    "category": { "sub": "Meieri og egg", "parent": "Mathall" },
    "price": { "price": 37.5, "unitPrice": 79.79, "unit": "kg", "qty": 0.47 }
  },
  {
    "title": "Økologisk skummet Rørosmjølk",
    "subtitle": "1 l",
    "category": { "sub": "Meieri og egg", "parent": "Mathall" },
    "price": { "price": 23.8, "unitPrice": 23.8, "unit": "l", "qty": 1 }
  },
  {
    "title": "Rørosmjølk Lett, Økologisk",
    "subtitle": "1,2% Fett, 1 l",
    "category": { "sub": "Meieri og egg", "parent": "Mathall" },
    "price": { "price": 19.8, "unitPrice": 19.8, "unit": "l", "qty": 1 }
  },
  {
    "title": "Rørosmjølk Hel Økologisk",
    "subtitle": "4,0% Fett, 1 l",
    "category": { "sub": "Meieri og egg", "parent": "Mathall" },
    "price": { "price": 21.4, "unitPrice": 21.4, "unit": "l", "qty": 1 }
  },
  {
    "title": "Rørosmjølk Økologisk",
    "subtitle": "0,7% Fett, 1 l",
    "category": { "sub": "Meieri og egg", "parent": "Mathall" },
    "price": { "price": 19.4, "unitPrice": 19.4, "unit": "l", "qty": 1 }
  },
  {
    "title": "Økologisk Tjukkmjølk",
    "subtitle": "1,5% fett, 1 l",
    "category": { "sub": "Meieri og egg", "parent": "Mathall" },
    "price": { "price": 35.8, "unitPrice": 35.8, "unit": "l", "qty": 1 }
  },
  {
    "title": "Syrna Blå",
    "subtitle": "Økologisk, 1 l",
    "category": { "sub": "Meieri og egg", "parent": "Mathall" },
    "price": { "price": 36.8, "unitPrice": 36.8, "unit": "l", "qty": 1 }
  },
  {
    "title": "Upasteurisert Rå Yoghurt Naturell",
    "subtitle": "Økologisk, 500 ml",
    "category": { "sub": "Meieri og egg", "parent": "Mathall" },
    "price": { "price": 99, "unitPrice": 198, "unit": "l", "qty": 0.5 }
  },
  {
    "title": "Eplemost Discovery/Aroma",
    "subtitle": "0,75 l",
    "category": { "sub": "Drikke", "parent": "Mathall" },
    "price": { "price": 69.2, "unitPrice": 92.27, "unit": "l", "qty": 0.75 }
  },
  {
    "title": "Eplegløgg",
    "subtitle": "0,75 l",
    "category": { "sub": "Drikke", "parent": "Mathall" },
    "price": { "price": 99, "unitPrice": 132, "unit": "l", "qty": 0.75 }
  },
  {
    "title": "Kombucha Hylleblomst",
    "subtitle": "250 ml",
    "category": { "sub": "Drikke", "parent": "Mathall" },
    "price": { "price": 59, "unitPrice": 236, "unit": "l", "qty": 0.25 }
  },
  {
    "title": "Vannkefir Bringebær og Vanilje",
    "subtitle": "330 ml",
    "category": { "sub": "Drikke", "parent": "Mathall" },
    "price": { "price": 49, "unitPrice": 148.48, "unit": "l", "qty": 0.33 }
  },
  {
    "title": "Vannkefir Sitron og Ingefær",
    "subtitle": "330 ml",
    "category": { "sub": "Drikke", "parent": "Mathall" },
    "price": { "price": 49, "unitPrice": 148.48, "unit": "l", "qty": 0.33 }
  },
  {
    "title": "Økologisk Eplemost",
    "subtitle": "3 l",
    "category": { "sub": "Drikke", "parent": "Mathall" },
    "price": { "price": 179, "unitPrice": 59.67, "unit": "l", "qty": 3 }
  },
  {
    "title": "Økologisk Eplemost",
    "subtitle": "Av Discovery epler, 250 ml",
    "category": { "sub": "Drikke", "parent": "Mathall" },
    "price": { "price": 34.9, "unitPrice": 139.6, "unit": "l", "qty": 0.25 }
  },
  {
    "title": "Økologisk Eplemost",
    "subtitle": "0,25 l",
    "category": { "sub": "Drikke", "parent": "Mathall" },
    "price": { "price": 39.9, "unitPrice": 159.6, "unit": "l", "qty": 0.25 }
  },
  {
    "title": "Økologisk Plommedrikk",
    "subtitle": "250 ml",
    "category": { "sub": "Drikke", "parent": "Mathall" },
    "price": { "price": 39.9, "unitPrice": 159.6, "unit": "l", "qty": 0.25 }
  },
  {
    "title": "Økologisk Ripsdrikk",
    "subtitle": "250 ml",
    "category": { "sub": "Drikke", "parent": "Mathall" },
    "price": { "price": 39.9, "unitPrice": 159.6, "unit": "l", "qty": 0.25 }
  },
  {
    "title": "Økologisk Rabarbradrikk",
    "subtitle": "0,25 l",
    "category": { "sub": "Drikke", "parent": "Mathall" },
    "price": { "price": 39.9, "unitPrice": 159.6, "unit": "l", "qty": 0.25 }
  },
  {
    "title": "Økologisk Blåbærdrikk",
    "subtitle": "0,25 l",
    "category": { "sub": "Drikke", "parent": "Mathall" },
    "price": { "price": 39.9, "unitPrice": 159.6, "unit": "l", "qty": 0.25 }
  },
  {
    "title": "Økologisk Hylleblomstdrikk",
    "subtitle": "0,25 l",
    "category": { "sub": "Drikke", "parent": "Mathall" },
    "price": { "price": 39.9, "unitPrice": 159.6, "unit": "l", "qty": 0.25 }
  },
  {
    "title": "Økologisk Solbærdrikk",
    "subtitle": "250 ml",
    "category": { "sub": "Drikke", "parent": "Mathall" },
    "price": { "price": 39.9, "unitPrice": 159.6, "unit": "l", "qty": 0.25 }
  },
  {
    "title": "Økologisk Kirsbærdrikk",
    "subtitle": "250 ml",
    "category": { "sub": "Drikke", "parent": "Mathall" },
    "price": { "price": 39.9, "unitPrice": 159.6, "unit": "l", "qty": 0.25 }
  },
  {
    "title": "Økologisk Rabarbra og Hylleblomstsaft",
    "subtitle": "375 ml",
    "category": { "sub": "Drikke", "parent": "Mathall" },
    "price": { "price": 139, "unitPrice": 370.67, "unit": "l", "qty": 0.37 }
  },
  {
    "title": "Økologisk Hylleblomstsaft",
    "subtitle": "Drikkeklar, 0,75 l",
    "category": { "sub": "Drikke", "parent": "Mathall" },
    "price": { "price": 109, "unitPrice": 145.33, "unit": "l", "qty": 0.75 }
  },
  {
    "title": "Kombucha Ingefær",
    "subtitle": "250 ml",
    "category": { "sub": "Drikke", "parent": "Mathall" },
    "price": { "price": 59, "unitPrice": 236, "unit": "l", "qty": 0.25 }
  },
  {
    "title": "Økologisk Bringebærsaft",
    "subtitle": "700 ml",
    "category": { "sub": "Drikke", "parent": "Mathall" },
    "price": { "price": 119, "unitPrice": 170, "unit": "l", "qty": 0.7 }
  },
  {
    "title": "Tøyen-Cola",
    "subtitle": "0,33 l",
    "category": { "sub": "Drikke", "parent": "Mathall" },
    "price": { "price": 30, "unitPrice": 90.91, "unit": "l", "qty": 0.33 }
  },
  {
    "title": "Flower Power Kombucha",
    "subtitle": "Økologisk, 0,33 l",
    "category": { "sub": "Drikke", "parent": "Mathall" },
    "price": { "price": 49.9, "unitPrice": 151.21, "unit": "l", "qty": 0.33 }
  },
  {
    "title": "Grønn T Kombucha",
    "subtitle": "Økologisk, 0,33 l",
    "category": { "sub": "Drikke", "parent": "Mathall" },
    "price": { "price": 48.9, "unitPrice": 148.18, "unit": "l", "qty": 0.33 }
  },
  {
    "title": "Økologisk Ging Kong Ingerfærøl",
    "subtitle": "0,33 l",
    "category": { "sub": "Drikke", "parent": "Mathall" },
    "price": { "price": 47.9, "unitPrice": 145.15, "unit": "l", "qty": 0.33 }
  },
  {
    "title": "Økologisk Indian Tonic",
    "subtitle": "0,33 l",
    "category": { "sub": "Drikke", "parent": "Mathall" },
    "price": { "price": 47.9, "unitPrice": 145.15, "unit": "l", "qty": 0.33 }
  },
  {
    "title": "So Long Kombucha",
    "subtitle": "Økologisk, 0,33 l",
    "category": { "sub": "Drikke", "parent": "Mathall" },
    "price": { "price": 48.9, "unitPrice": 148.18, "unit": "l", "qty": 0.33 }
  },
  {
    "title": "Wannabe Kombucha",
    "subtitle": "Økologisk, 0,33 l",
    "category": { "sub": "Drikke", "parent": "Mathall" },
    "price": { "price": 48.9, "unitPrice": 148.18, "unit": "l", "qty": 0.33 }
  },
  {
    "title": "Holy Baloney Spekepølse",
    "subtitle": "Økologisk, 270 g",
    "category": { "sub": "Pålegg og spekemat", "parent": "Mathall" },
    "price": { "price": 121.9, "unitPrice": 451.48, "unit": "kg", "qty": 0.27 }
  },
  {
    "title": "Pablo Chorizo Salami",
    "subtitle": "Økologisk, 255 g",
    "category": { "sub": "Pålegg og spekemat", "parent": "Mathall" },
    "price": { "price": 121.9, "unitPrice": 478.04, "unit": "kg", "qty": 0.25 }
  },
  {
    "title": "Passe Fennikel Salami",
    "subtitle": "Økologisk, 255 g",
    "category": { "sub": "Pålegg og spekemat", "parent": "Mathall" },
    "price": { "price": 121.9, "unitPrice": 478.04, "unit": "kg", "qty": 0.25 }
  },
  {
    "title": "Slegge Chili Salami",
    "subtitle": "Økologisk, 255 g",
    "category": { "sub": "Pålegg og spekemat", "parent": "Mathall" },
    "price": { "price": 121.9, "unitPrice": 478.04, "unit": "kg", "qty": 0.25 }
  },
  {
    "title": "Tronfjell Velhengt Spekeskinke I Skiver",
    "subtitle": "Norgesmester 2020, 80 g",
    "category": { "sub": "Pålegg og spekemat", "parent": "Mathall" },
    "price": { "price": 68.3, "unitPrice": 853.75, "unit": "kg", "qty": 0.08 }
  },
  {
    "title": "Vellagra Coppaskinke",
    "subtitle": "100 g",
    "category": { "sub": "Pålegg og spekemat", "parent": "Mathall" },
    "price": { "price": 59.8, "unitPrice": 598, "unit": "kg", "qty": 0.1 }
  },
  {
    "title": "Elg og Einebær Spekepølse",
    "subtitle": "100 g",
    "category": { "sub": "Pålegg og spekemat", "parent": "Mathall" },
    "price": { "price": 59.8, "unitPrice": 598, "unit": "kg", "qty": 0.1 }
  },
  {
    "title": "Fenalår",
    "subtitle": "200 g",
    "category": { "sub": "Pålegg og spekemat", "parent": "Mathall" },
    "price": { "price": 131.5, "unitPrice": 657.5, "unit": "kg", "qty": 0.2 }
  },
  {
    "title": "Bøkerøkt Kalkunskinke Skivet",
    "subtitle": "150 g",
    "category": { "sub": "Pålegg og spekemat", "parent": "Mathall" },
    "price": { "price": 74.9, "unitPrice": 499.33, "unit": "kg", "qty": 0.15 }
  },
  {
    "title": "Mortadella i Skiver",
    "subtitle": "150 g",
    "category": { "sub": "Pålegg og spekemat", "parent": "Mathall" },
    "price": { "price": 49.9, "unitPrice": 332.67, "unit": "kg", "qty": 0.15 }
  },
  {
    "title": "Økologisk Provenceskinke Skivet",
    "subtitle": "150 g",
    "category": { "sub": "Pålegg og spekemat", "parent": "Mathall" },
    "price": { "price": 99, "unitPrice": 660, "unit": "kg", "qty": 0.15 }
  },
  {
    "title": "Røkt Torshov Skinke",
    "subtitle": "150 g",
    "category": { "sub": "Pålegg og spekemat", "parent": "Mathall" },
    "price": { "price": 59.9, "unitPrice": 399.33, "unit": "kg", "qty": 0.15 }
  },
  {
    "title": "Salami Skivet",
    "subtitle": "150 g",
    "category": { "sub": "Pålegg og spekemat", "parent": "Mathall" },
    "price": { "price": 89.9, "unitPrice": 599.33, "unit": "kg", "qty": 0.15 }
  },
  {
    "title": "Torshov Skinke",
    "subtitle": "150 g",
    "category": { "sub": "Pålegg og spekemat", "parent": "Mathall" },
    "price": { "price": 59.9, "unitPrice": 399.33, "unit": "kg", "qty": 0.15 }
  },
  {
    "title": "Spekeskinke",
    "subtitle": "I Skiver, 200 g",
    "category": { "sub": "Pålegg og spekemat", "parent": "Mathall" },
    "price": { "price": 119, "unitPrice": 595, "unit": "kg", "qty": 0.2 }
  },
  {
    "title": "Provenceskinke",
    "subtitle": "Med Oliven, 100 g",
    "category": { "sub": "Pålegg og spekemat", "parent": "Mathall" },
    "price": { "price": 32.6, "unitPrice": 326, "unit": "kg", "qty": 0.1 }
  },
  {
    "title": "Roastbiff",
    "subtitle": "100 g",
    "category": { "sub": "Pålegg og spekemat", "parent": "Mathall" },
    "price": { "price": 37.2, "unitPrice": 372, "unit": "kg", "qty": 0.1 }
  },
  {
    "title": "Ardenneskinke",
    "subtitle": "100 g",
    "category": { "sub": "Pålegg og spekemat", "parent": "Mathall" },
    "price": { "price": 32.6, "unitPrice": 326, "unit": "kg", "qty": 0.1 }
  },
  {
    "title": "Ribberull",
    "subtitle": "100 g",
    "category": { "sub": "Pålegg og spekemat", "parent": "Mathall" },
    "price": { "price": 32.6, "unitPrice": 326, "unit": "kg", "qty": 0.1 }
  },
  {
    "title": "Pepperskinke",
    "subtitle": "100 g",
    "category": { "sub": "Pålegg og spekemat", "parent": "Mathall" },
    "price": { "price": 32.6, "unitPrice": 326, "unit": "kg", "qty": 0.1 }
  },
  {
    "title": "Marinert & Kydret Skinkebiff",
    "subtitle": "100 g",
    "category": { "sub": "Pålegg og spekemat", "parent": "Mathall" },
    "price": { "price": 32.6, "unitPrice": 326, "unit": "kg", "qty": 0.1 }
  },
  {
    "title": "Kokt skinke",
    "subtitle": "Håndlagt, 100 g",
    "category": { "sub": "Pålegg og spekemat", "parent": "Mathall" },
    "price": { "price": 28.3, "unitPrice": 283, "unit": "kg", "qty": 0.1 }
  },
  {
    "title": "Kyllingpastrami",
    "subtitle": "100 g",
    "category": { "sub": "Pålegg og spekemat", "parent": "Mathall" },
    "price": { "price": 32.6, "unitPrice": 326, "unit": "kg", "qty": 0.1 }
  },
  {
    "title": "Gourmetskinke",
    "subtitle": "100 g",
    "category": { "sub": "Pålegg og spekemat", "parent": "Mathall" },
    "price": { "price": 32.6, "unitPrice": 326, "unit": "kg", "qty": 0.1 }
  },
  {
    "title": "Røkt Kalkunbryst",
    "subtitle": "100 g",
    "category": { "sub": "Pålegg og spekemat", "parent": "Mathall" },
    "price": { "price": 38.2, "unitPrice": 382, "unit": "kg", "qty": 0.1 }
  },
  {
    "title": "Urtemarinert Kalkunbryst",
    "subtitle": "100 g",
    "category": { "sub": "Pålegg og spekemat", "parent": "Mathall" },
    "price": { "price": 38.2, "unitPrice": 382, "unit": "kg", "qty": 0.1 }
  },
  {
    "title": "Ovnsbakt Leverpostei",
    "subtitle": "200 g",
    "category": { "sub": "Pålegg og spekemat", "parent": "Mathall" },
    "price": { "price": 30.5, "unitPrice": 152.5, "unit": "kg", "qty": 0.2 }
  },
  {
    "title": "Skogshonning Ren",
    "subtitle": "350 g",
    "category": { "sub": "Pålegg og spekemat", "parent": "Mathall" },
    "price": { "price": 93.9, "unitPrice": 268.29, "unit": "kg", "qty": 0.35 }
  },
  {
    "title": "Sommerhonning",
    "subtitle": "160 g",
    "category": { "sub": "Pålegg og spekemat", "parent": "Mathall" },
    "price": { "price": 62.3, "unitPrice": 389.38, "unit": "kg", "qty": 0.16 }
  },
  {
    "title": "Bringebærsyltetøy",
    "subtitle": "160 g",
    "category": { "sub": "Pålegg og spekemat", "parent": "Mathall" },
    "price": { "price": 69.2, "unitPrice": 432.5, "unit": "kg", "qty": 0.16 }
  },
  {
    "title": "Håndlaget Jordbærsyltetøy",
    "subtitle": "300 g",
    "category": { "sub": "Pålegg og spekemat", "parent": "Mathall" },
    "price": { "price": 64.9, "unitPrice": 216.33, "unit": "kg", "qty": 0.3 }
  },
  {
    "title": "Håndlaget Økologisk Appelsinmarmelade",
    "subtitle": "300 g",
    "category": { "sub": "Pålegg og spekemat", "parent": "Mathall" },
    "price": { "price": 64.9, "unitPrice": 216.33, "unit": "kg", "qty": 0.3 }
  },
  {
    "title": "Håndlaget Økologisk Bringebærsyltetøy",
    "subtitle": "300 g",
    "category": { "sub": "Pålegg og spekemat", "parent": "Mathall" },
    "price": { "price": 64.9, "unitPrice": 216.33, "unit": "kg", "qty": 0.3 }
  },
  {
    "title": "Håndlaget Økologisk Plommesyltetøy",
    "subtitle": "300 g",
    "category": { "sub": "Pålegg og spekemat", "parent": "Mathall" },
    "price": { "price": 64.9, "unitPrice": 216.33, "unit": "kg", "qty": 0.3 }
  },
  {
    "title": "Rødvin Spekepølse",
    "subtitle": "260 g",
    "category": { "sub": "Pålegg og spekemat", "parent": "Mathall" },
    "price": { "price": 69.9, "unitPrice": 268.85, "unit": "kg", "qty": 0.26 }
  },
  {
    "title": "Italiensk Spekepølse",
    "subtitle": "260 g",
    "category": { "sub": "Pålegg og spekemat", "parent": "Mathall" },
    "price": { "price": 69.9, "unitPrice": 268.85, "unit": "kg", "qty": 0.26 }
  },
  {
    "title": "Prosciutto Cotto",
    "subtitle": "100 g",
    "category": { "sub": "Pålegg og spekemat", "parent": "Mathall" },
    "price": { "price": 39.9, "unitPrice": 399, "unit": "kg", "qty": 0.1 }
  },
  {
    "title": "Ribberull",
    "subtitle": "100 g",
    "category": { "sub": "Pålegg og spekemat", "parent": "Mathall" },
    "price": { "price": 32.9, "unitPrice": 329, "unit": "kg", "qty": 0.1 }
  },
  {
    "title": "Fersk Pappardelle",
    "subtitle": "Håndlaget, 300 g",
    "category": {
      "sub": "Middagstilbehør, pasta og saus",
      "parent": "Mathall"
    },
    "price": { "price": 69.9, "unitPrice": 233, "unit": "kg", "qty": 0.3 }
  },
  {
    "title": "Fersk Tagliolini",
    "subtitle": "Håndlaget, 300 g",
    "category": {
      "sub": "Middagstilbehør, pasta og saus",
      "parent": "Mathall"
    },
    "price": { "price": 69.9, "unitPrice": 233, "unit": "kg", "qty": 0.3 }
  },
  {
    "title": "Fersk Spaghetti Alla Chitarra",
    "subtitle": "Håndlaget, 300 g",
    "category": {
      "sub": "Middagstilbehør, pasta og saus",
      "parent": "Mathall"
    },
    "price": { "price": 69.9, "unitPrice": 233, "unit": "kg", "qty": 0.3 }
  },
  {
    "title": "Fersk Tagliatelle",
    "subtitle": "Håndlaget, 300 g",
    "category": {
      "sub": "Middagstilbehør, pasta og saus",
      "parent": "Mathall"
    },
    "price": { "price": 69.9, "unitPrice": 233, "unit": "kg", "qty": 0.3 }
  },
  {
    "title": "Fersk Trottolepasta",
    "subtitle": "Håndlaget, 300 g",
    "category": {
      "sub": "Middagstilbehør, pasta og saus",
      "parent": "Mathall"
    },
    "price": { "price": 69.9, "unitPrice": 233, "unit": "kg", "qty": 0.3 }
  },
  {
    "title": "Tørket Remmetang",
    "subtitle": "40 g",
    "category": {
      "sub": "Middagstilbehør, pasta og saus",
      "parent": "Mathall"
    },
    "price": { "price": 99, "unitPrice": 2475, "unit": "kg", "qty": 0.04 }
  },
  {
    "title": "Tørket Vingetang",
    "subtitle": "30 g",
    "category": {
      "sub": "Middagstilbehør, pasta og saus",
      "parent": "Mathall"
    },
    "price": { "price": 99, "unitPrice": 3300, "unit": "kg", "qty": 0.03 }
  },
  {
    "title": "Tørket Sukkertang",
    "subtitle": "30 g",
    "category": {
      "sub": "Middagstilbehør, pasta og saus",
      "parent": "Mathall"
    },
    "price": { "price": 99, "unitPrice": 3300, "unit": "kg", "qty": 0.03 }
  },
  {
    "title": "Mak Kimchi",
    "subtitle": "390 ml",
    "category": {
      "sub": "Middagstilbehør, pasta og saus",
      "parent": "Mathall"
    },
    "price": { "price": 159, "unitPrice": 407.69, "unit": "l", "qty": 0.39 }
  },
  {
    "title": "Sauerkraut",
    "subtitle": "390 ml",
    "category": {
      "sub": "Middagstilbehør, pasta og saus",
      "parent": "Mathall"
    },
    "price": { "price": 169, "unitPrice": 433.33, "unit": "l", "qty": 0.39 }
  },
  {
    "title": "Jegerkraut",
    "subtitle": "Upasteurisert Surkål, 390 ml",
    "category": {
      "sub": "Middagstilbehør, pasta og saus",
      "parent": "Mathall"
    },
    "price": { "price": 159, "unitPrice": 407.69, "unit": "l", "qty": 0.39 }
  },
  {
    "title": "Shivakraut",
    "subtitle": "Upasteurisert Surkål, 390 ml",
    "category": {
      "sub": "Middagstilbehør, pasta og saus",
      "parent": "Mathall"
    },
    "price": { "price": 159, "unitPrice": 407.69, "unit": "l", "qty": 0.39 }
  },
  {
    "title": "Curtido",
    "subtitle": "Upasteurisert Surkål, 390 ml",
    "category": {
      "sub": "Middagstilbehør, pasta og saus",
      "parent": "Mathall"
    },
    "price": { "price": 159, "unitPrice": 407.69, "unit": "l", "qty": 0.39 }
  },
  {
    "title": "Arctic Ocean Salad",
    "subtitle": "Vingetang, 250 ml",
    "category": {
      "sub": "Middagstilbehør, pasta og saus",
      "parent": "Mathall"
    },
    "price": { "price": 129, "unitPrice": 516, "unit": "l", "qty": 0.25 }
  },
  {
    "title": "Bolognese",
    "subtitle": "Vegetar, 370 g",
    "category": {
      "sub": "Middagstilbehør, pasta og saus",
      "parent": "Mathall"
    },
    "price": { "price": 47, "unitPrice": 127.03, "unit": "kg", "qty": 0.37 }
  },
  {
    "title": "Bringebærhonning Myk",
    "subtitle": "350 g",
    "category": {
      "sub": "Middagstilbehør, pasta og saus",
      "parent": "Mathall"
    },
    "price": { "price": 93.9, "unitPrice": 268.29, "unit": "kg", "qty": 0.35 }
  },
  {
    "title": "Chili sin carne",
    "subtitle": "370 g",
    "category": {
      "sub": "Middagstilbehør, pasta og saus",
      "parent": "Mathall"
    },
    "price": { "price": 47, "unitPrice": 127.03, "unit": "kg", "qty": 0.37 }
  },
  {
    "title": "Fersk Aioli",
    "subtitle": "1 dl",
    "category": {
      "sub": "Middagstilbehør, pasta og saus",
      "parent": "Mathall"
    },
    "price": { "price": 36.8, "unitPrice": 368, "unit": "l", "qty": 0.1 }
  },
  {
    "title": "Fersk Bearnaisesaus",
    "subtitle": "175 ml",
    "category": {
      "sub": "Middagstilbehør, pasta og saus",
      "parent": "Mathall"
    },
    "price": { "price": 35.8, "unitPrice": 204.57, "unit": "l", "qty": 0.18 }
  },
  {
    "title": "Fersk Grønn Pesto",
    "subtitle": "130 g",
    "category": {
      "sub": "Middagstilbehør, pasta og saus",
      "parent": "Mathall"
    },
    "price": { "price": 44.2, "unitPrice": 340, "unit": "kg", "qty": 0.13 }
  },
  {
    "title": "Fersk Kikertcurry",
    "subtitle": "370 g",
    "category": {
      "sub": "Middagstilbehør, pasta og saus",
      "parent": "Mathall"
    },
    "price": { "price": 47, "unitPrice": 127.03, "unit": "kg", "qty": 0.37 }
  },
  {
    "title": "Gartnergryte",
    "subtitle": "Vegetar, 370 g",
    "category": {
      "sub": "Middagstilbehør, pasta og saus",
      "parent": "Mathall"
    },
    "price": { "price": 47.8, "unitPrice": 129.19, "unit": "kg", "qty": 0.37 }
  },
  {
    "title": "Fersk Totensalsa hakket kvassere",
    "subtitle": "sterk, 165 g",
    "category": {
      "sub": "Middagstilbehør, pasta og saus",
      "parent": "Mathall"
    },
    "price": { "price": 32.9, "unitPrice": 199.39, "unit": "kg", "qty": 0.17 }
  },
  {
    "title": "Totensalsa ælminnelig",
    "subtitle": "Mild, 165 g",
    "category": {
      "sub": "Middagstilbehør, pasta og saus",
      "parent": "Mathall"
    },
    "price": { "price": 32.9, "unitPrice": 199.39, "unit": "kg", "qty": 0.17 }
  },
  {
    "title": "Totensalsa kvass",
    "subtitle": "Medium, 165 g",
    "category": {
      "sub": "Middagstilbehør, pasta og saus",
      "parent": "Mathall"
    },
    "price": { "price": 32.9, "unitPrice": 199.39, "unit": "kg", "qty": 0.17 }
  },
  {
    "title": "Himalaya Ramsløksalt",
    "subtitle": "100 g",
    "category": {
      "sub": "Middagstilbehør, pasta og saus",
      "parent": "Mathall"
    },
    "price": { "price": 79.9, "unitPrice": 799, "unit": "kg", "qty": 0.1 }
  },
  {
    "title": "Kråkebolle Fint Flaksalt",
    "subtitle": "250 g",
    "category": {
      "sub": "Middagstilbehør, pasta og saus",
      "parent": "Mathall"
    },
    "price": { "price": 69.9, "unitPrice": 279.6, "unit": "kg", "qty": 0.25 }
  },
  {
    "title": "Lynghonning Kraftig",
    "subtitle": "350 g",
    "category": {
      "sub": "Middagstilbehør, pasta og saus",
      "parent": "Mathall"
    },
    "price": { "price": 98.9, "unitPrice": 282.57, "unit": "kg", "qty": 0.35 }
  },
  {
    "title": "Nordisk Tang",
    "subtitle": "Furikake, 30 g",
    "category": {
      "sub": "Middagstilbehør, pasta og saus",
      "parent": "Mathall"
    },
    "price": { "price": 79.1, "unitPrice": 2636.67, "unit": "kg", "qty": 0.03 }
  },
  {
    "title": "Pizzabunn Surdeig",
    "subtitle": "Rund Halvstekt 30 cm, 3 stk",
    "category": {
      "sub": "Middagstilbehør, pasta og saus",
      "parent": "Mathall"
    },
    "price": { "price": 87.4, "unitPrice": 126.67, "unit": "kg", "qty": 0.69 }
  },
  {
    "title": "Spicy Seaspaghetti",
    "subtitle": "Knapptang, 250 ml",
    "category": {
      "sub": "Middagstilbehør, pasta og saus",
      "parent": "Mathall"
    },
    "price": { "price": 129, "unitPrice": 516, "unit": "l", "qty": 0.25 }
  },
  {
    "title": "Tørket Gul Trompetsopp",
    "subtitle": "20 g",
    "category": {
      "sub": "Middagstilbehør, pasta og saus",
      "parent": "Mathall"
    },
    "price": { "price": 114.5, "unitPrice": 5725, "unit": "kg", "qty": 0.02 }
  },
  {
    "title": "Fersk Tofu",
    "subtitle": "Norskprodusert, 200 g",
    "category": {
      "sub": "Middagstilbehør, pasta og saus",
      "parent": "Mathall"
    },
    "price": { "price": 32.8, "unitPrice": 164, "unit": "kg", "qty": 0.2 }
  },
  {
    "title": "Stekt Tofu",
    "subtitle": "Norskprodusert, 320 g",
    "category": {
      "sub": "Middagstilbehør, pasta og saus",
      "parent": "Mathall"
    },
    "price": { "price": 64.8, "unitPrice": 202.5, "unit": "kg", "qty": 0.32 }
  },
  {
    "title": "Syltet Rødløk",
    "subtitle": "300 g",
    "category": {
      "sub": "Middagstilbehør, pasta og saus",
      "parent": "Mathall"
    },
    "price": { "price": 39.9, "unitPrice": 133, "unit": "kg", "qty": 0.3 }
  },
  {
    "title": "Nuvola Tipo 0",
    "subtitle": "Pizzamel, 1 kg",
    "category": { "sub": "Mel og gryn", "parent": "Mathall" },
    "price": { "price": 41.9, "unitPrice": 41.9, "unit": "kg", "qty": 1 }
  },
  {
    "title": "Caputo Pizzamel Manitoba",
    "subtitle": "1 kg",
    "category": { "sub": "Mel og gryn", "parent": "Mathall" },
    "price": { "price": 34.5, "unitPrice": 34.5, "unit": "kg", "qty": 1 }
  },
  {
    "title": "Pizzamel tipo-00",
    "subtitle": "1 kg",
    "category": { "sub": "Mel og gryn", "parent": "Mathall" },
    "price": { "price": 49.8, "unitPrice": 49.8, "unit": "kg", "qty": 1 }
  },
  {
    "title": "Økologisk Emmer Finmalt",
    "subtitle": "1 kg",
    "category": { "sub": "Mel og gryn", "parent": "Mathall" },
    "price": { "price": 46.4, "unitPrice": 46.4, "unit": "kg", "qty": 1 }
  },
  {
    "title": "Økologisk Emmer Grovmalt",
    "subtitle": "1 kg",
    "category": { "sub": "Mel og gryn", "parent": "Mathall" },
    "price": { "price": 59.9, "unitPrice": 59.9, "unit": "kg", "qty": 1 }
  },
  {
    "title": "Økologisk Emmermel Siktet",
    "subtitle": "1 kg",
    "category": { "sub": "Mel og gryn", "parent": "Mathall" },
    "price": { "price": 59.9, "unitPrice": 59.9, "unit": "kg", "qty": 1 }
  },
  {
    "title": "Økologisk Enkorn Fin Sammalt",
    "subtitle": "Steinmalt, 1 kg",
    "category": { "sub": "Mel og gryn", "parent": "Mathall" },
    "price": { "price": 64.9, "unitPrice": 64.9, "unit": "kg", "qty": 1 }
  },
  {
    "title": "Økologiske Store Havregryn",
    "subtitle": "Steinmalt, 700 g",
    "category": { "sub": "Mel og gryn", "parent": "Mathall" },
    "price": { "price": 44.9, "unitPrice": 64.14, "unit": "kg", "qty": 0.7 }
  },
  {
    "title": "Økologisk Havre Sammalt",
    "subtitle": "Steinmalt, 1 kg",
    "category": { "sub": "Mel og gryn", "parent": "Mathall" },
    "price": { "price": 52.9, "unitPrice": 52.9, "unit": "kg", "qty": 1 }
  },
  {
    "title": "Økologisk Havre Steelcut",
    "subtitle": "1 kg",
    "category": { "sub": "Mel og gryn", "parent": "Mathall" },
    "price": { "price": 49.9, "unitPrice": 49.9, "unit": "kg", "qty": 1 }
  },
  {
    "title": "Økologisk Kjempedurum Finmalt",
    "subtitle": "1 kg",
    "category": { "sub": "Mel og gryn", "parent": "Mathall" },
    "price": { "price": 69.9, "unitPrice": 69.9, "unit": "kg", "qty": 1 }
  },
  {
    "title": "Økologisk Landhvete Finmalt",
    "subtitle": "1 kg",
    "category": { "sub": "Mel og gryn", "parent": "Mathall" },
    "price": { "price": 36.9, "unitPrice": 36.9, "unit": "kg", "qty": 1 }
  },
  {
    "title": "Økologisk Landhvete Grovmalt",
    "subtitle": "1 kg",
    "category": { "sub": "Mel og gryn", "parent": "Mathall" },
    "price": { "price": 36.9, "unitPrice": 36.9, "unit": "kg", "qty": 1 }
  },
  {
    "title": "Økologisk Perlebygg",
    "subtitle": "500 g",
    "category": { "sub": "Mel og gryn", "parent": "Mathall" },
    "price": { "price": 42.9, "unitPrice": 85.8, "unit": "kg", "qty": 0.5 }
  },
  {
    "title": "Økologisk Perle Emmer",
    "subtitle": "500 g",
    "category": { "sub": "Mel og gryn", "parent": "Mathall" },
    "price": { "price": 42.9, "unitPrice": 85.8, "unit": "kg", "qty": 0.5 }
  },
  {
    "title": "Økologisk Perlespelt",
    "subtitle": "500 g",
    "category": { "sub": "Mel og gryn", "parent": "Mathall" },
    "price": { "price": 37.4, "unitPrice": 74.8, "unit": "kg", "qty": 0.5 }
  },
  {
    "title": "Økologisk Rugmel Siktet",
    "subtitle": "1 kg",
    "category": { "sub": "Mel og gryn", "parent": "Mathall" },
    "price": { "price": 39.9, "unitPrice": 39.9, "unit": "kg", "qty": 1 }
  },
  {
    "title": "Økologisk Siktet Landhvete",
    "subtitle": "1 kg",
    "category": { "sub": "Mel og gryn", "parent": "Mathall" },
    "price": { "price": 44.9, "unitPrice": 44.9, "unit": "kg", "qty": 1 }
  },
  {
    "title": "Økologisk Spelt Grovmalt",
    "subtitle": "1 kg",
    "category": { "sub": "Mel og gryn", "parent": "Mathall" },
    "price": { "price": 45.4, "unitPrice": 45.4, "unit": "kg", "qty": 1 }
  },
  {
    "title": "Økologisk Speltmel Finmalt",
    "subtitle": "1 kg",
    "category": { "sub": "Mel og gryn", "parent": "Mathall" },
    "price": { "price": 42.4, "unitPrice": 42.4, "unit": "kg", "qty": 1 }
  },
  {
    "title": "Økologisk Speltmel Siktet",
    "subtitle": "1 kg",
    "category": { "sub": "Mel og gryn", "parent": "Mathall" },
    "price": { "price": 44.8, "unitPrice": 44.8, "unit": "kg", "qty": 1 }
  },
  {
    "title": "Tipo 00 Mel",
    "subtitle": "Kjempedurum Siktet, 1 kg",
    "category": { "sub": "Mel og gryn", "parent": "Mathall" },
    "price": { "price": 69.9, "unitPrice": 69.9, "unit": "kg", "qty": 1 }
  },
  {
    "title": "Økologisk Svedjerug",
    "subtitle": "Finmalt, 1 kg",
    "category": { "sub": "Mel og gryn", "parent": "Mathall" },
    "price": { "price": 42.9, "unitPrice": 42.9, "unit": "kg", "qty": 1 }
  },
  {
    "title": "Havregryn Steel Cut",
    "subtitle": "500 g",
    "category": { "sub": "Mel og gryn", "parent": "Mathall" },
    "price": { "price": 44.4, "unitPrice": 88.8, "unit": "kg", "qty": 0.5 }
  },
  {
    "title": "Havre & Quinoa Steel Cut",
    "subtitle": "500 g",
    "category": { "sub": "Mel og gryn", "parent": "Mathall" },
    "price": { "price": 64.4, "unitPrice": 128.8, "unit": "kg", "qty": 0.5 }
  },
  {
    "title": "Havregryn Lettkokt",
    "subtitle": "500 g",
    "category": { "sub": "Mel og gryn", "parent": "Mathall" },
    "price": { "price": 38, "unitPrice": 76, "unit": "kg", "qty": 0.5 }
  },
  {
    "title": "Økologisk Tranebær og Kokosgranola",
    "subtitle": "340 g",
    "category": { "sub": "Mel og gryn", "parent": "Mathall" },
    "price": { "price": 99, "unitPrice": 291.18, "unit": "kg", "qty": 0.34 }
  },
  {
    "title": "Honningristet Musli",
    "subtitle": "500 g",
    "category": { "sub": "Mel og gryn", "parent": "Mathall" },
    "price": { "price": 99, "unitPrice": 198, "unit": "kg", "qty": 0.5 }
  },
  {
    "title": "Økologisk Honning og Nøttegranola",
    "subtitle": "340 g",
    "category": { "sub": "Mel og gryn", "parent": "Mathall" },
    "price": { "price": 99, "unitPrice": 291.18, "unit": "kg", "qty": 0.34 }
  },
  {
    "title": "Siktet Hvetemel",
    "subtitle": "1 kg",
    "category": { "sub": "Mel og gryn", "parent": "Mathall" },
    "price": { "price": 19.9, "unitPrice": 19.9, "unit": "kg", "qty": 1 }
  },
  {
    "title": "Vegansk Sjokolade Iskrem",
    "subtitle": "Avokado-basert, 0,5 l",
    "category": { "sub": "Iskrem, søtsaker og snacks", "parent": "Mathall" },
    "price": { "price": 79.8, "unitPrice": 159.6, "unit": "l", "qty": 0.5 }
  },
  {
    "title": "Sjokolade-Iskrem",
    "subtitle": "0,5 l",
    "category": { "sub": "Iskrem, søtsaker og snacks", "parent": "Mathall" },
    "price": { "price": 63.7, "unitPrice": 127.4, "unit": "l", "qty": 0.5 }
  },
  {
    "title": "Vanilje-Iskrem",
    "subtitle": "0,5 l",
    "category": { "sub": "Iskrem, søtsaker og snacks", "parent": "Mathall" },
    "price": { "price": 63.7, "unitPrice": 127.4, "unit": "l", "qty": 0.5 }
  },
  {
    "title": "Kaffe Mocca Iskrem",
    "subtitle": "0,5 l",
    "category": { "sub": "Iskrem, søtsaker og snacks", "parent": "Mathall" },
    "price": { "price": 63.7, "unitPrice": 127.4, "unit": "l", "qty": 0.5 }
  },
  {
    "title": "Lakris-Iskrem",
    "subtitle": "0,5 l",
    "category": { "sub": "Iskrem, søtsaker og snacks", "parent": "Mathall" },
    "price": { "price": 63.7, "unitPrice": 127.4, "unit": "l", "qty": 0.5 }
  },
  {
    "title": "Sorbet av Bringebær",
    "subtitle": "0,5 l",
    "category": { "sub": "Iskrem, søtsaker og snacks", "parent": "Mathall" },
    "price": { "price": 63.7, "unitPrice": 127.4, "unit": "l", "qty": 0.5 }
  },
  {
    "title": "Sorbet av Jordbær",
    "subtitle": "0,5 l",
    "category": { "sub": "Iskrem, søtsaker og snacks", "parent": "Mathall" },
    "price": { "price": 80.3, "unitPrice": 160.6, "unit": "l", "qty": 0.5 }
  },
  {
    "title": "Sorbet av Sitron",
    "subtitle": "0,5 l",
    "category": { "sub": "Iskrem, søtsaker og snacks", "parent": "Mathall" },
    "price": { "price": 63.7, "unitPrice": 127.4, "unit": "l", "qty": 0.5 }
  },
  {
    "title": "Sorbet av Mango",
    "subtitle": "0,5 l",
    "category": { "sub": "Iskrem, søtsaker og snacks", "parent": "Mathall" },
    "price": { "price": 63.7, "unitPrice": 127.4, "unit": "l", "qty": 0.5 }
  },
  {
    "title": "Sorbet av Kokos",
    "subtitle": "0,5 l",
    "category": { "sub": "Iskrem, søtsaker og snacks", "parent": "Mathall" },
    "price": { "price": 74.4, "unitPrice": 148.8, "unit": "l", "qty": 0.5 }
  },
  {
    "title": "Sorbet av Rabarbra",
    "subtitle": "0,5 l",
    "category": { "sub": "Iskrem, søtsaker og snacks", "parent": "Mathall" },
    "price": { "price": 63.8, "unitPrice": 127.6, "unit": "l", "qty": 0.5 }
  },
  {
    "title": "Cookies & Vanilje-Iskrem",
    "subtitle": "0,5 l",
    "category": { "sub": "Iskrem, søtsaker og snacks", "parent": "Mathall" },
    "price": { "price": 63.7, "unitPrice": 127.4, "unit": "l", "qty": 0.5 }
  },
  {
    "title": "Peanut Butter Cup",
    "subtitle": "0,47 l",
    "category": { "sub": "Iskrem, søtsaker og snacks", "parent": "Mathall" },
    "price": { "price": 79.8, "unitPrice": 169.79, "unit": "l", "qty": 0.47 }
  },
  {
    "title": "Iskrem Gul Vanilje",
    "subtitle": "1 l",
    "category": { "sub": "Iskrem, søtsaker og snacks", "parent": "Mathall" },
    "price": { "price": 58, "unitPrice": 58, "unit": "l", "qty": 1 }
  },
  {
    "title": "Iskrem Tiramisu",
    "subtitle": "1 l",
    "category": { "sub": "Iskrem, søtsaker og snacks", "parent": "Mathall" },
    "price": { "price": 57.9, "unitPrice": 57.9, "unit": "l", "qty": 1 }
  },
  {
    "title": "Sorbetto Limone",
    "subtitle": "Lime, 0,5 l",
    "category": { "sub": "Iskrem, søtsaker og snacks", "parent": "Mathall" },
    "price": { "price": 62.9, "unitPrice": 125.8, "unit": "l", "qty": 0.5 }
  },
  {
    "title": "Sorbetto Mango & Pasjonsfrukt",
    "subtitle": "0,5 l",
    "category": { "sub": "Iskrem, søtsaker og snacks", "parent": "Mathall" },
    "price": { "price": 62.9, "unitPrice": 125.8, "unit": "l", "qty": 0.5 }
  },
  {
    "title": "Candy Bar",
    "subtitle": "0,47 l",
    "category": { "sub": "Iskrem, søtsaker og snacks", "parent": "Mathall" },
    "price": { "price": 87.4, "unitPrice": 185.96, "unit": "l", "qty": 0.47 }
  },
  {
    "title": "Chocolate Chip Cookie Dough",
    "subtitle": "0,47 l",
    "category": { "sub": "Iskrem, søtsaker og snacks", "parent": "Mathall" },
    "price": { "price": 79.8, "unitPrice": 169.79, "unit": "l", "qty": 0.47 }
  },
  {
    "title": "Sea Salt Caramel",
    "subtitle": "0,47 l",
    "category": { "sub": "Iskrem, søtsaker og snacks", "parent": "Mathall" },
    "price": { "price": 79.8, "unitPrice": 169.79, "unit": "l", "qty": 0.47 }
  },
  {
    "title": "Crème Brûlée",
    "subtitle": "110 g",
    "category": { "sub": "Iskrem, søtsaker og snacks", "parent": "Mathall" },
    "price": { "price": 46.8, "unitPrice": 425.45, "unit": "kg", "qty": 0.11 }
  },
  {
    "title": "Moccapudding",
    "subtitle": "2 stk",
    "category": { "sub": "Iskrem, søtsaker og snacks", "parent": "Mathall" },
    "price": { "price": 48.4, "unitPrice": 142.35, "unit": "kg", "qty": 0.34 }
  },
  {
    "title": "Panna Cotta",
    "subtitle": "330 g",
    "category": { "sub": "Iskrem, søtsaker og snacks", "parent": "Mathall" },
    "price": { "price": 44.2, "unitPrice": 133.94, "unit": "kg", "qty": 0.33 }
  },
  {
    "title": "Karamellpudding",
    "subtitle": "2 stk",
    "category": { "sub": "Iskrem, søtsaker og snacks", "parent": "Mathall" },
    "price": { "price": 46.8, "unitPrice": 137.65, "unit": "kg", "qty": 0.34 }
  },
  {
    "title": "Sjokoladepudding",
    "subtitle": "2 stk",
    "category": { "sub": "Iskrem, søtsaker og snacks", "parent": "Mathall" },
    "price": { "price": 45.1, "unitPrice": 132.65, "unit": "kg", "qty": 0.34 }
  },
  {
    "title": "Sjokoladefryd Gaveeske",
    "subtitle": "10 Biter, 100 g",
    "category": { "sub": "Iskrem, søtsaker og snacks", "parent": "Mathall" },
    "price": { "price": 229, "unitPrice": 2290, "unit": "kg", "qty": 0.1 }
  },
  {
    "title": "Turglede Hvit Sjokolade og Bringebær",
    "subtitle": "65 g",
    "category": { "sub": "Iskrem, søtsaker og snacks", "parent": "Mathall" },
    "price": { "price": 64.9, "unitPrice": 998.46, "unit": "kg", "qty": 0.07 }
  },
  {
    "title": "Turglede Hvit Sjokolade og Pasjonsfrukt",
    "subtitle": "65 g",
    "category": { "sub": "Iskrem, søtsaker og snacks", "parent": "Mathall" },
    "price": { "price": 64.9, "unitPrice": 998.46, "unit": "kg", "qty": 0.07 }
  },
  {
    "title": "Turglede Hvit Sjokolade og Solbær",
    "subtitle": "65 g",
    "category": { "sub": "Iskrem, søtsaker og snacks", "parent": "Mathall" },
    "price": { "price": 64.9, "unitPrice": 998.46, "unit": "kg", "qty": 0.07 }
  },
  {
    "title": "Sjokoladefryd Bærbluss",
    "subtitle": "6 stk, 70 g",
    "category": { "sub": "Iskrem, søtsaker og snacks", "parent": "Mathall" },
    "price": { "price": 139, "unitPrice": 1985.71, "unit": "kg", "qty": 0.07 }
  },
  {
    "title": "Sjokoladefryd Kaffegodt",
    "subtitle": "6 Biter, 70 g",
    "category": { "sub": "Iskrem, søtsaker og snacks", "parent": "Mathall" },
    "price": { "price": 139, "unitPrice": 1985.71, "unit": "kg", "qty": 0.07 }
  },
  {
    "title": "Turglede Melkesjokolade",
    "subtitle": "110 g",
    "category": { "sub": "Iskrem, søtsaker og snacks", "parent": "Mathall" },
    "price": { "price": 67.8, "unitPrice": 616.36, "unit": "kg", "qty": 0.11 }
  },
  {
    "title": "Turglede Mørk Sjokolade",
    "subtitle": "110 g",
    "category": { "sub": "Iskrem, søtsaker og snacks", "parent": "Mathall" },
    "price": { "price": 99, "unitPrice": 900, "unit": "kg", "qty": 0.11 }
  },
  {
    "title": "Turglede Sjokolade Med Lakris",
    "subtitle": "65 g",
    "category": { "sub": "Iskrem, søtsaker og snacks", "parent": "Mathall" },
    "price": { "price": 46.8, "unitPrice": 720, "unit": "kg", "qty": 0.07 }
  },
  {
    "title": "Lakrisbar Med Chili",
    "subtitle": "38 g",
    "category": { "sub": "Iskrem, søtsaker og snacks", "parent": "Mathall" },
    "price": { "price": 59.9, "unitPrice": 1576.32, "unit": "kg", "qty": 0.04 }
  },
  {
    "title": "Lakrisbar Med Salt Lakris",
    "subtitle": "38 g",
    "category": { "sub": "Iskrem, søtsaker og snacks", "parent": "Mathall" },
    "price": { "price": 59.9, "unitPrice": 1576.32, "unit": "kg", "qty": 0.04 }
  },
  {
    "title": "Fin Vaffelrøre",
    "subtitle": "3 l",
    "category": { "sub": "Iskrem, søtsaker og snacks", "parent": "Mathall" },
    "price": { "price": 199, "unitPrice": 66.33, "unit": "l", "qty": 3 }
  },
  {
    "title": "Fin Vaffelrøre i Beger",
    "subtitle": "1 l",
    "category": { "sub": "Iskrem, søtsaker og snacks", "parent": "Mathall" },
    "price": { "price": 79.9, "unitPrice": 79.9, "unit": "l", "qty": 1 }
  },
  {
    "title": "Økologisk 50% Melk & Blåbærsjokolade",
    "subtitle": "53 g",
    "category": { "sub": "Iskrem, søtsaker og snacks", "parent": "Mathall" },
    "price": { "price": 74.9, "unitPrice": 1413.21, "unit": "kg", "qty": 0.05 }
  },
  {
    "title": "45% Melk & brunostsjokolade",
    "subtitle": "53 g",
    "category": { "sub": "Iskrem, søtsaker og snacks", "parent": "Mathall" },
    "price": { "price": 74.9, "unitPrice": 1413.21, "unit": "kg", "qty": 0.05 }
  },
  {
    "title": "Økologisk 70% Mørk Sjokolade Tanzania",
    "subtitle": "53 g",
    "category": { "sub": "Iskrem, søtsaker og snacks", "parent": "Mathall" },
    "price": { "price": 74.9, "unitPrice": 1413.21, "unit": "kg", "qty": 0.05 }
  },
  {
    "title": "Økologisk Reinsdyrlav & Tyttebær",
    "subtitle": "70% Mørk Sjokolade, 53 g",
    "category": { "sub": "Iskrem, søtsaker og snacks", "parent": "Mathall" },
    "price": { "price": 74.9, "unitPrice": 1413.21, "unit": "kg", "qty": 0.05 }
  },
  {
    "title": "Potetchips Salt Og Grønn Pepper",
    "subtitle": "150 g",
    "category": { "sub": "Iskrem, søtsaker og snacks", "parent": "Mathall" },
    "price": { "price": 42.9, "unitPrice": 286, "unit": "kg", "qty": 0.15 }
  },
  {
    "title": "Potetchips Med Brunost",
    "subtitle": "150 g",
    "category": { "sub": "Iskrem, søtsaker og snacks", "parent": "Mathall" },
    "price": { "price": 42.9, "unitPrice": 286, "unit": "kg", "qty": 0.15 }
  },
  {
    "title": "Potetchips Med Tyttebær og Rømme",
    "subtitle": "150 g",
    "category": { "sub": "Iskrem, søtsaker og snacks", "parent": "Mathall" },
    "price": { "price": 44.9, "unitPrice": 299.33, "unit": "kg", "qty": 0.15 }
  },
  {
    "title": "Øre- og pannetermometer",
    "subtitle": "Beurer FT65, 1 stk",
    "category": { "sub": "Barneutstyr", "parent": "Clas Ohlson-butikken" },
    "price": { "price": 399.9, "unitPrice": 399.9, "unit": "stk", "qty": 1 }
  },
  {
    "title": "Tekstilmerkepenn",
    "subtitle": "6 stk",
    "category": { "sub": "Barneutstyr", "parent": "Clas Ohlson-butikken" },
    "price": { "price": 59.9, "unitPrice": 9.98, "unit": "stk", "qty": 6 }
  },
  {
    "title": "Hørselvern Peltor",
    "subtitle": "Barn, Grønn, 1 stk",
    "category": { "sub": "Barneutstyr", "parent": "Clas Ohlson-butikken" },
    "price": { "price": 199.9, "unitPrice": 199.9, "unit": "stk", "qty": 1 }
  },
  {
    "title": "Kontaktpropp til vegguttak",
    "subtitle": "6 stk",
    "category": { "sub": "Barneutstyr", "parent": "Clas Ohlson-butikken" },
    "price": { "price": 49.9, "unitPrice": 8.32, "unit": "stk", "qty": 6 }
  },
  {
    "title": "Skap og Skufflås",
    "subtitle": "6 stk",
    "category": { "sub": "Barneutstyr", "parent": "Clas Ohlson-butikken" },
    "price": { "price": 79.9, "unitPrice": 13.32, "unit": "stk", "qty": 6 }
  },
  {
    "title": "Co-batteri AA",
    "subtitle": "LR06, 10 stk",
    "category": { "sub": "Batteri", "parent": "Clas Ohlson-butikken" },
    "price": { "price": 39.9, "unitPrice": 3.99, "unit": "stk", "qty": 10 }
  },
  {
    "title": "Co-batteri AAA",
    "subtitle": "LR03, 10 stk",
    "category": { "sub": "Batteri", "parent": "Clas Ohlson-butikken" },
    "price": { "price": 39.9, "unitPrice": 3.99, "unit": "stk", "qty": 10 }
  },
  {
    "title": "Lithiumbatteri Cr2025",
    "subtitle": "5 stk",
    "category": { "sub": "Batteri", "parent": "Clas Ohlson-butikken" },
    "price": { "price": 89.9, "unitPrice": 17.98, "unit": "stk", "qty": 5 }
  },
  {
    "title": "Lithiumbatteri Cr2032",
    "subtitle": "5 stk",
    "category": { "sub": "Batteri", "parent": "Clas Ohlson-butikken" },
    "price": { "price": 89.9, "unitPrice": 17.98, "unit": "stk", "qty": 5 }
  },
  {
    "title": "Co-batteri 9v",
    "subtitle": "1 stk",
    "category": { "sub": "Batteri", "parent": "Clas Ohlson-butikken" },
    "price": { "price": 29.9, "unitPrice": 29.9, "unit": "stk", "qty": 1 }
  },
  {
    "title": "Co-batteri C/LR14",
    "subtitle": "2 stk",
    "category": { "sub": "Batteri", "parent": "Clas Ohlson-butikken" },
    "price": { "price": 29.9, "unitPrice": 14.95, "unit": "stk", "qty": 2 }
  },
  {
    "title": "Co-batteri D/LR20",
    "subtitle": "2 stk",
    "category": { "sub": "Batteri", "parent": "Clas Ohlson-butikken" },
    "price": { "price": 29.9, "unitPrice": 14.95, "unit": "stk", "qty": 2 }
  },
  {
    "title": "Høreapparatbatteri 13",
    "subtitle": "6 stk",
    "category": { "sub": "Batteri", "parent": "Clas Ohlson-butikken" },
    "price": { "price": 59.9, "unitPrice": 9.98, "unit": "stk", "qty": 6 }
  },
  {
    "title": "Høreapparatbatteri 312",
    "subtitle": "6 stk",
    "category": { "sub": "Batteri", "parent": "Clas Ohlson-butikken" },
    "price": { "price": 59.9, "unitPrice": 9.98, "unit": "stk", "qty": 6 }
  },
  {
    "title": "Hundeposer Asaklitt",
    "subtitle": "Bio, 80 stk",
    "category": { "sub": "Dyr & Fritid", "parent": "Clas Ohlson-butikken" },
    "price": { "price": 49.9, "unitPrice": 0.62, "unit": "stk", "qty": 80.48 }
  },
  {
    "title": "Klorematte",
    "subtitle": "1 stk",
    "category": { "sub": "Dyr & Fritid", "parent": "Clas Ohlson-butikken" },
    "price": { "price": 99.9, "unitPrice": 99.9, "unit": "stk", "qty": 1 }
  },
  {
    "title": "Katteleke 3-pack",
    "subtitle": "1 stk",
    "category": { "sub": "Dyr & Fritid", "parent": "Clas Ohlson-butikken" },
    "price": { "price": 49.9, "unitPrice": 49.9, "unit": "stk", "qty": 1 }
  },
  {
    "title": "Aktivitetsball for hund",
    "subtitle": "Liten, 1 stk",
    "category": { "sub": "Dyr & Fritid", "parent": "Clas Ohlson-butikken" },
    "price": { "price": 49.9, "unitPrice": 49.9, "unit": "stk", "qty": 1 }
  },
  {
    "title": "Aktivitetsball for hund",
    "subtitle": "Stor, 1 stk",
    "category": { "sub": "Dyr & Fritid", "parent": "Clas Ohlson-butikken" },
    "price": { "price": 69.9, "unitPrice": 69.9, "unit": "stk", "qty": 1 }
  },
  {
    "title": "Dyreshampo sensitive",
    "subtitle": "250 ml",
    "category": { "sub": "Dyr & Fritid", "parent": "Clas Ohlson-butikken" },
    "price": { "price": 69.9, "unitPrice": 279.6, "unit": "l", "qty": 0.25 }
  },
  {
    "title": "Frontlykt sykkel led oppladbar",
    "subtitle": "1 stk",
    "category": { "sub": "Dyr & Fritid", "parent": "Clas Ohlson-butikken" },
    "price": { "price": 199.9, "unitPrice": 199.9, "unit": "stk", "qty": 1 }
  },
  {
    "title": "Hundematskål rustfri",
    "subtitle": "2 liter, 1 stk",
    "category": { "sub": "Dyr & Fritid", "parent": "Clas Ohlson-butikken" },
    "price": { "price": 69.9, "unitPrice": 69.9, "unit": "stk", "qty": 1 }
  },
  {
    "title": "Isbrodd",
    "subtitle": "Str 41-44, 1 par",
    "category": { "sub": "Dyr & Fritid", "parent": "Clas Ohlson-butikken" },
    "price": { "price": 139.9, "unitPrice": 139.9, "unit": "par", "qty": 1 }
  },
  {
    "title": "Isbrodd",
    "subtitle": "Str 38-41, 1 par",
    "category": { "sub": "Dyr & Fritid", "parent": "Clas Ohlson-butikken" },
    "price": { "price": 139.9, "unitPrice": 139.9, "unit": "par", "qty": 1 }
  },
  {
    "title": "Lappesaker sykkel",
    "subtitle": "1 stk",
    "category": { "sub": "Dyr & Fritid", "parent": "Clas Ohlson-butikken" },
    "price": { "price": 49.9, "unitPrice": 49.9, "unit": "stk", "qty": 1 }
  },
  {
    "title": "Sykkellås bøyle",
    "subtitle": "1 stk",
    "category": { "sub": "Dyr & Fritid", "parent": "Clas Ohlson-butikken" },
    "price": { "price": 199.9, "unitPrice": 199.9, "unit": "stk", "qty": 1 }
  },
  {
    "title": "Sykkelpumpe",
    "subtitle": "Med feste og overganger, 1 stk",
    "category": { "sub": "Dyr & Fritid", "parent": "Clas Ohlson-butikken" },
    "price": { "price": 59.9, "unitPrice": 59.9, "unit": "stk", "qty": 1 }
  },
  {
    "title": "Telys 100% stearin",
    "subtitle": "50 stk",
    "category": { "sub": "Forbruksvarer", "parent": "Clas Ohlson-butikken" },
    "price": { "price": 49.9, "unitPrice": 1, "unit": "stk", "qty": 49.9 }
  },
  {
    "title": "Avfallsekker 160L",
    "subtitle": "Ekstra Sterk, 10 stk",
    "category": { "sub": "Forbruksvarer", "parent": "Clas Ohlson-butikken" },
    "price": { "price": 59.9, "unitPrice": 5.99, "unit": "stk", "qty": 10 }
  },
  {
    "title": "Avfallsposer med Knytehåndtak",
    "subtitle": "30L, 20 stk",
    "category": { "sub": "Forbruksvarer", "parent": "Clas Ohlson-butikken" },
    "price": { "price": 24.9, "unitPrice": 1.25, "unit": "stk", "qty": 19.92 }
  },
  {
    "title": "Poseklemmer",
    "subtitle": "28 stk",
    "category": { "sub": "Forbruksvarer", "parent": "Clas Ohlson-butikken" },
    "price": { "price": 39.9, "unitPrice": 1.43, "unit": "stk", "qty": 27.9 }
  },
  {
    "title": "Stakefjær 7,5m",
    "subtitle": "1 stk",
    "category": { "sub": "Forbruksvarer", "parent": "Clas Ohlson-butikken" },
    "price": { "price": 69.9, "unitPrice": 69.9, "unit": "stk", "qty": 1 }
  },
  {
    "title": "Støvsugerpose",
    "subtitle": "S-bag, C1800, 1 stk",
    "category": { "sub": "Forbruksvarer", "parent": "Clas Ohlson-butikken" },
    "price": { "price": 129.9, "unitPrice": 129.9, "unit": "stk", "qty": 1 }
  },
  {
    "title": "Tekstilrulle",
    "subtitle": "1 stk",
    "category": { "sub": "Forbruksvarer", "parent": "Clas Ohlson-butikken" },
    "price": { "price": 34.9, "unitPrice": 34.9, "unit": "stk", "qty": 1 }
  },
  {
    "title": "Refill Tekstilrulle",
    "subtitle": "1 stk",
    "category": { "sub": "Forbruksvarer", "parent": "Clas Ohlson-butikken" },
    "price": { "price": 29.9, "unitPrice": 29.9, "unit": "stk", "qty": 1 }
  },
  {
    "title": "Glass med stett",
    "subtitle": "25cl (klart glass), 6 stk",
    "category": { "sub": "Forbruksvarer", "parent": "Clas Ohlson-butikken" },
    "price": { "price": 99.9, "unitPrice": 16.65, "unit": "stk", "qty": 6 }
  },
  {
    "title": "Smart bildeoppheng",
    "subtitle": "1 stk",
    "category": { "sub": "Forbruksvarer", "parent": "Clas Ohlson-butikken" },
    "price": { "price": 79.9, "unitPrice": 79.9, "unit": "stk", "qty": 1 }
  },
  {
    "title": "Avfallssekk 125L",
    "subtitle": "Transparent, 10 stk",
    "category": { "sub": "Forbruksvarer", "parent": "Clas Ohlson-butikken" },
    "price": { "price": 49.9, "unitPrice": 4.99, "unit": "stk", "qty": 10 }
  },
  {
    "title": "Vakumposer 2-pack",
    "subtitle": "1 stk",
    "category": { "sub": "Forbruksvarer", "parent": "Clas Ohlson-butikken" },
    "price": { "price": 169.9, "unitPrice": 169.9, "unit": "stk", "qty": 1 }
  },
  {
    "title": "Klammer til Stiftemaskin 26/6",
    "subtitle": "1 stk",
    "category": { "sub": "Forbruksvarer", "parent": "Clas Ohlson-butikken" },
    "price": { "price": 39.9, "unitPrice": 39.9, "unit": "stk", "qty": 1 }
  },
  {
    "title": "Bobleplast",
    "subtitle": "20 m",
    "category": { "sub": "Forbruksvarer", "parent": "Clas Ohlson-butikken" },
    "price": { "price": 99.9, "unitPrice": 5, "unit": "m", "qty": 19.98 }
  },
  {
    "title": "Plastfolie storpack",
    "subtitle": "150 m",
    "category": { "sub": "Forbruksvarer", "parent": "Clas Ohlson-butikken" },
    "price": { "price": 59.9, "unitPrice": 0.4, "unit": "m", "qty": 149.75 }
  },
  {
    "title": "Oppladbar lighter",
    "subtitle": "1 stk",
    "category": { "sub": "Hus & Hjem", "parent": "Clas Ohlson-butikken" },
    "price": { "price": 99.9, "unitPrice": 99.9, "unit": "stk", "qty": 1 }
  },
  {
    "title": "Kleshenger",
    "subtitle": "Hvit, 8 stk",
    "category": { "sub": "Hus & Hjem", "parent": "Clas Ohlson-butikken" },
    "price": { "price": 69.9, "unitPrice": 8.74, "unit": "stk", "qty": 8 }
  },
  {
    "title": "Kleshenger",
    "subtitle": "Svart, 8 stk",
    "category": { "sub": "Hus & Hjem", "parent": "Clas Ohlson-butikken" },
    "price": { "price": 69.9, "unitPrice": 8.74, "unit": "stk", "qty": 8 }
  },
  {
    "title": "Pedalbøtte",
    "subtitle": "3l, 1 stk",
    "category": { "sub": "Hus & Hjem", "parent": "Clas Ohlson-butikken" },
    "price": { "price": 199.9, "unitPrice": 199.9, "unit": "stk", "qty": 1 }
  },
  {
    "title": "Regnponcho",
    "subtitle": "Transparent, 1 stk",
    "category": { "sub": "Hus & Hjem", "parent": "Clas Ohlson-butikken" },
    "price": { "price": 49.9, "unitPrice": 49.9, "unit": "stk", "qty": 1 }
  },
  {
    "title": "Regnponcho",
    "subtitle": "Hvit, 1 stk",
    "category": { "sub": "Hus & Hjem", "parent": "Clas Ohlson-butikken" },
    "price": { "price": 49.9, "unitPrice": 49.9, "unit": "stk", "qty": 1 }
  },
  {
    "title": "Kubbelys LED",
    "subtitle": "3-pack med fjernkontroll, 1 stk",
    "category": { "sub": "Hus & Hjem", "parent": "Clas Ohlson-butikken" },
    "price": { "price": 199.9, "unitPrice": 199.9, "unit": "stk", "qty": 1 }
  },
  {
    "title": "Telys led hvit",
    "subtitle": "3 stk",
    "category": { "sub": "Hus & Hjem", "parent": "Clas Ohlson-butikken" },
    "price": { "price": 39.9, "unitPrice": 13.3, "unit": "stk", "qty": 3 }
  },
  {
    "title": "Selvheftende baderomskrok",
    "subtitle": "Krokrekke, 4 kroker, 1 stk",
    "category": { "sub": "Hus & Hjem", "parent": "Clas Ohlson-butikken" },
    "price": { "price": 179.9, "unitPrice": 179.9, "unit": "stk", "qty": 1 }
  },
  {
    "title": "Dørhenger 4 kroker",
    "subtitle": "Hvit, 1 stk",
    "category": { "sub": "Hus & Hjem", "parent": "Clas Ohlson-butikken" },
    "price": { "price": 79.9, "unitPrice": 79.9, "unit": "stk", "qty": 1 }
  },
  {
    "title": "Selvheftende baderomskrok",
    "subtitle": "Dobbel, 1 stk",
    "category": { "sub": "Hus & Hjem", "parent": "Clas Ohlson-butikken" },
    "price": { "price": 139.9, "unitPrice": 139.9, "unit": "stk", "qty": 1 }
  },
  {
    "title": "Selvheftende baderomskrok",
    "subtitle": "Enkel, 1 stk",
    "category": { "sub": "Hus & Hjem", "parent": "Clas Ohlson-butikken" },
    "price": { "price": 89.9, "unitPrice": 89.9, "unit": "stk", "qty": 1 }
  },
  {
    "title": "Fjernstrømbryter Nexa 3-pack",
    "subtitle": "1 stk",
    "category": { "sub": "Hus & Hjem", "parent": "Clas Ohlson-butikken" },
    "price": { "price": 249.9, "unitPrice": 249.9, "unit": "stk", "qty": 1 }
  },
  {
    "title": "4-veis grenuttak med USB",
    "subtitle": "1.4m, 1 stk",
    "category": { "sub": "Hus & Hjem", "parent": "Clas Ohlson-butikken" },
    "price": { "price": 169.9, "unitPrice": 169.9, "unit": "stk", "qty": 1 }
  },
  {
    "title": "Skjøteledning 3m med jord",
    "subtitle": "1 stk",
    "category": { "sub": "Hus & Hjem", "parent": "Clas Ohlson-butikken" },
    "price": { "price": 59.9, "unitPrice": 59.9, "unit": "stk", "qty": 1 }
  },
  {
    "title": "Skjøteledning",
    "subtitle": "2m, Hvit, 1 stk",
    "category": { "sub": "Hus & Hjem", "parent": "Clas Ohlson-butikken" },
    "price": { "price": 49.9, "unitPrice": 49.9, "unit": "stk", "qty": 1 }
  },
  {
    "title": "2-veis Forgreningskontakt",
    "subtitle": "1 stk",
    "category": { "sub": "Hus & Hjem", "parent": "Clas Ohlson-butikken" },
    "price": { "price": 49.9, "unitPrice": 49.9, "unit": "stk", "qty": 1 }
  },
  {
    "title": "Optisk brannvarsler",
    "subtitle": "2 stk",
    "category": { "sub": "Hus & Hjem", "parent": "Clas Ohlson-butikken" },
    "price": { "price": 199.9, "unitPrice": 99.95, "unit": "stk", "qty": 2 }
  },
  {
    "title": "Limpatroner 7x100mm",
    "subtitle": "Transparent, 1 stk",
    "category": { "sub": "Hus & Hjem", "parent": "Clas Ohlson-butikken" },
    "price": { "price": 39.9, "unitPrice": 39.9, "unit": "stk", "qty": 1 }
  },
  {
    "title": "Limpistol grå",
    "subtitle": "1 stk",
    "category": { "sub": "Hus & Hjem", "parent": "Clas Ohlson-butikken" },
    "price": { "price": 69.9, "unitPrice": 69.9, "unit": "stk", "qty": 1 }
  },
  {
    "title": "Lommelykt led focus",
    "subtitle": "1 stk",
    "category": { "sub": "Hus & Hjem", "parent": "Clas Ohlson-butikken" },
    "price": { "price": 199.9, "unitPrice": 199.9, "unit": "stk", "qty": 1 }
  },
  {
    "title": "Nøkkelskap m/kombinasjonslås",
    "subtitle": "Værbestandig, 1 stk",
    "category": { "sub": "Hus & Hjem", "parent": "Clas Ohlson-butikken" },
    "price": { "price": 299.9, "unitPrice": 299.9, "unit": "stk", "qty": 1 }
  },
  {
    "title": "Paraply kompakt 103cm svart",
    "subtitle": "1 stk",
    "category": { "sub": "Hus & Hjem", "parent": "Clas Ohlson-butikken" },
    "price": { "price": 79.9, "unitPrice": 79.9, "unit": "stk", "qty": 1 }
  },
  {
    "title": "Penselsett svart",
    "subtitle": "1 stk",
    "category": { "sub": "Hus & Hjem", "parent": "Clas Ohlson-butikken" },
    "price": { "price": 29.9, "unitPrice": 29.9, "unit": "stk", "qty": 1 }
  },
  {
    "title": "Termometer ute/inne 1,5m kabel",
    "subtitle": "1 stk",
    "category": { "sub": "Hus & Hjem", "parent": "Clas Ohlson-butikken" },
    "price": { "price": 79.9, "unitPrice": 79.9, "unit": "stk", "qty": 1 }
  },
  {
    "title": "Trådløs termometer ute/inne",
    "subtitle": "1 stk",
    "category": { "sub": "Hus & Hjem", "parent": "Clas Ohlson-butikken" },
    "price": { "price": 169.9, "unitPrice": 169.9, "unit": "stk", "qty": 1 }
  },
  {
    "title": "Toalettbørste rustfri",
    "subtitle": "1 stk",
    "category": { "sub": "Hus & Hjem", "parent": "Clas Ohlson-butikken" },
    "price": { "price": 159.9, "unitPrice": 159.9, "unit": "stk", "qty": 1 }
  },
  {
    "title": "Fleecepledd hvit",
    "subtitle": "1 stk",
    "category": { "sub": "Hus & Hjem", "parent": "Clas Ohlson-butikken" },
    "price": { "price": 149.9, "unitPrice": 149.9, "unit": "stk", "qty": 1 }
  },
  {
    "title": "Trådløs brannvarsler 2-pack",
    "subtitle": "1 stk",
    "category": { "sub": "Hus & Hjem", "parent": "Clas Ohlson-butikken" },
    "price": { "price": 499.9, "unitPrice": 499.9, "unit": "stk", "qty": 1 }
  },
  {
    "title": "Skotørker 4 slanger hengende",
    "subtitle": "1 stk",
    "category": { "sub": "Hus & Hjem", "parent": "Clas Ohlson-butikken" },
    "price": { "price": 499.9, "unitPrice": 499.9, "unit": "stk", "qty": 1 }
  },
  {
    "title": "Vifteovn 2000w",
    "subtitle": "1 stk",
    "category": { "sub": "Hus & Hjem", "parent": "Clas Ohlson-butikken" },
    "price": { "price": 249.9, "unitPrice": 249.9, "unit": "stk", "qty": 1 }
  },
  {
    "title": "Vifteovn Mill 1800w",
    "subtitle": "1 stk",
    "category": { "sub": "Hus & Hjem", "parent": "Clas Ohlson-butikken" },
    "price": { "price": 599, "unitPrice": 599, "unit": "stk", "qty": 1 }
  },
  {
    "title": "Varmeovn oljefylt 500w",
    "subtitle": "1 stk",
    "category": { "sub": "Hus & Hjem", "parent": "Clas Ohlson-butikken" },
    "price": { "price": 369.9, "unitPrice": 369.9, "unit": "stk", "qty": 1 }
  },
  {
    "title": "Boklampe",
    "subtitle": "1 stk",
    "category": { "sub": "Hus & Hjem", "parent": "Clas Ohlson-butikken" },
    "price": { "price": 99.9, "unitPrice": 99.9, "unit": "stk", "qty": 1 }
  },
  {
    "title": "Dusjkurv",
    "subtitle": "hjørne sugekopp krom, 1 stk",
    "category": { "sub": "Hus & Hjem", "parent": "Clas Ohlson-butikken" },
    "price": { "price": 239.9, "unitPrice": 239.9, "unit": "stk", "qty": 1 }
  },
  {
    "title": "Pedalbøtte softclose",
    "subtitle": "5L hvit, 1 stk",
    "category": { "sub": "Hus & Hjem", "parent": "Clas Ohlson-butikken" },
    "price": { "price": 279.9, "unitPrice": 279.9, "unit": "stk", "qty": 1 }
  },
  {
    "title": "Pedalbøtte softclose",
    "subtitle": "5L svart, 1 stk",
    "category": { "sub": "Hus & Hjem", "parent": "Clas Ohlson-butikken" },
    "price": { "price": 279.9, "unitPrice": 279.9, "unit": "stk", "qty": 1 }
  },
  {
    "title": "Badekarmatte",
    "subtitle": "Hvit (70x38cm), 1 stk",
    "category": { "sub": "Hus & Hjem", "parent": "Clas Ohlson-butikken" },
    "price": { "price": 159.9, "unitPrice": 159.9, "unit": "stk", "qty": 1 }
  },
  {
    "title": "Hengelås",
    "subtitle": "30mm, 1 stk",
    "category": { "sub": "Hus & Hjem", "parent": "Clas Ohlson-butikken" },
    "price": { "price": 49.9, "unitPrice": 49.9, "unit": "stk", "qty": 1 }
  },
  {
    "title": "Filtknotter 20mm hvit selvklebende",
    "subtitle": "16 stk",
    "category": { "sub": "Hus & Hjem", "parent": "Clas Ohlson-butikken" },
    "price": { "price": 29.9, "unitPrice": 1.87, "unit": "stk", "qty": 15.99 }
  },
  {
    "title": "Bildekrok gips Hercules",
    "subtitle": "1 stk",
    "category": { "sub": "Hus & Hjem", "parent": "Clas Ohlson-butikken" },
    "price": { "price": 79.9, "unitPrice": 79.9, "unit": "stk", "qty": 1 }
  },
  {
    "title": "Toalettrullholder",
    "subtitle": "1 stk",
    "category": { "sub": "Hus & Hjem", "parent": "Clas Ohlson-butikken" },
    "price": { "price": 149.9, "unitPrice": 149.9, "unit": "stk", "qty": 1 }
  },
  {
    "title": "Peissett 3 deler sort",
    "subtitle": "1 stk",
    "category": { "sub": "Hus & Hjem", "parent": "Clas Ohlson-butikken" },
    "price": { "price": 179.9, "unitPrice": 179.9, "unit": "stk", "qty": 1 }
  },
  {
    "title": "Filtknott med spikerfeste",
    "subtitle": "26mm hvit, 8 stk",
    "category": { "sub": "Hus & Hjem", "parent": "Clas Ohlson-butikken" },
    "price": { "price": 35.9, "unitPrice": 4.49, "unit": "stk", "qty": 8 }
  },
  {
    "title": "Dusjnal",
    "subtitle": "25cm, 1 stk",
    "category": { "sub": "Hus & Hjem", "parent": "Clas Ohlson-butikken" },
    "price": { "price": 39.9, "unitPrice": 39.9, "unit": "stk", "qty": 1 }
  },
  {
    "title": "Baderomskrakk",
    "subtitle": "1 stk",
    "category": { "sub": "Hus & Hjem", "parent": "Clas Ohlson-butikken" },
    "price": { "price": 99.9, "unitPrice": 99.9, "unit": "stk", "qty": 1 }
  },
  {
    "title": "Vakumpose roll up",
    "subtitle": "2 stk",
    "category": { "sub": "Hus & Hjem", "parent": "Clas Ohlson-butikken" },
    "price": { "price": 69.9, "unitPrice": 34.95, "unit": "stk", "qty": 2 }
  },
  {
    "title": "Skuffeinnlegg",
    "subtitle": "antiskli, 1 stk",
    "category": { "sub": "Hus & Hjem", "parent": "Clas Ohlson-butikken" },
    "price": { "price": 69.9, "unitPrice": 69.9, "unit": "stk", "qty": 1 }
  },
  {
    "title": "Skohorn",
    "subtitle": "43 cm Tre, 1 stk",
    "category": { "sub": "Hus & Hjem", "parent": "Clas Ohlson-butikken" },
    "price": { "price": 59.9, "unitPrice": 59.9, "unit": "stk", "qty": 1 }
  },
  {
    "title": "Reiseadapter Europa til USA",
    "subtitle": "1 stk",
    "category": { "sub": "Hus & Hjem", "parent": "Clas Ohlson-butikken" },
    "price": { "price": 99.9, "unitPrice": 99.9, "unit": "stk", "qty": 1 }
  },
  {
    "title": "Smart bildeoppheng",
    "subtitle": "1 stk",
    "category": { "sub": "Hus & Hjem", "parent": "Clas Ohlson-butikken" },
    "price": { "price": 79.9, "unitPrice": 79.9, "unit": "stk", "qty": 1 }
  },
  {
    "title": "Lykt i metall sort 30 cm",
    "subtitle": "1 stk",
    "category": { "sub": "Hus & Hjem", "parent": "Clas Ohlson-butikken" },
    "price": { "price": 69.9, "unitPrice": 69.9, "unit": "stk", "qty": 1 }
  },
  {
    "title": "Flaskebørste",
    "subtitle": "3 stk",
    "category": { "sub": "Hus & Hjem", "parent": "Clas Ohlson-butikken" },
    "price": { "price": 49.9, "unitPrice": 16.63, "unit": "stk", "qty": 3 }
  },
  {
    "title": "Kodelås",
    "subtitle": "sølv, 1 stk",
    "category": { "sub": "Hus & Hjem", "parent": "Clas Ohlson-butikken" },
    "price": { "price": 69.9, "unitPrice": 69.9, "unit": "stk", "qty": 1 }
  },
  {
    "title": "Sko-oppbevaring 2 i 1",
    "subtitle": "1 stk",
    "category": { "sub": "Hus & Hjem", "parent": "Clas Ohlson-butikken" },
    "price": { "price": 29.9, "unitPrice": 29.9, "unit": "stk", "qty": 1 }
  },
  {
    "title": "Reiseadapter Europa-UK",
    "subtitle": "1 stk",
    "category": { "sub": "Hus & Hjem", "parent": "Clas Ohlson-butikken" },
    "price": { "price": 99.9, "unitPrice": 99.9, "unit": "stk", "qty": 1 }
  },
  {
    "title": "Frontlykt sykkel led oppladbar",
    "subtitle": "1 stk",
    "category": { "sub": "Hus & Hjem", "parent": "Clas Ohlson-butikken" },
    "price": { "price": 199.9, "unitPrice": 199.9, "unit": "stk", "qty": 1 }
  },
  {
    "title": "Filtknotter 28mm hvit selvklebende",
    "subtitle": "12 stk",
    "category": { "sub": "Hus & Hjem", "parent": "Clas Ohlson-butikken" },
    "price": { "price": 29.9, "unitPrice": 2.49, "unit": "stk", "qty": 12.01 }
  },
  {
    "title": "Skjøteledning utendørs 10 meter",
    "subtitle": "1 stk",
    "category": { "sub": "Hus & Hjem", "parent": "Clas Ohlson-butikken" },
    "price": { "price": 209.9, "unitPrice": 209.9, "unit": "stk", "qty": 1 }
  },
  {
    "title": "Dusjkurv med krok krom",
    "subtitle": "1 stk",
    "category": { "sub": "Hus & Hjem", "parent": "Clas Ohlson-butikken" },
    "price": { "price": 139.9, "unitPrice": 139.9, "unit": "stk", "qty": 1 }
  },
  {
    "title": "Snøkost med isskrape",
    "subtitle": "1 stk",
    "category": { "sub": "Hus & Hjem", "parent": "Clas Ohlson-butikken" },
    "price": { "price": 49.9, "unitPrice": 49.9, "unit": "stk", "qty": 1 }
  },
  {
    "title": "Spade med teleskop",
    "subtitle": "1 stk",
    "category": { "sub": "Hus & Hjem", "parent": "Clas Ohlson-butikken" },
    "price": { "price": 199.9, "unitPrice": 199.9, "unit": "stk", "qty": 1 }
  },
  {
    "title": "Bobleplast",
    "subtitle": "20 m",
    "category": { "sub": "Hus & Hjem", "parent": "Clas Ohlson-butikken" },
    "price": { "price": 99.9, "unitPrice": 5, "unit": "m", "qty": 19.98 }
  },
  {
    "title": "Digital LED Strip Light",
    "subtitle": "Til innendørs bruk, 3meter, 1 stk",
    "category": {
      "sub": "Jul fra Clas Ohlson",
      "parent": "Clas Ohlson-butikken"
    },
    "price": { "price": 399.9, "unitPrice": 399.9, "unit": "stk", "qty": 1 }
  },
  {
    "title": "Hobbyboks Juleverksted",
    "subtitle": "1 stk",
    "category": {
      "sub": "Jul fra Clas Ohlson",
      "parent": "Clas Ohlson-butikken"
    },
    "price": { "price": 149.9, "unitPrice": 149.9, "unit": "stk", "qty": 1 }
  },
  {
    "title": "Kubbelys LED",
    "subtitle": "3-pack med fjernkontroll, 1 stk",
    "category": {
      "sub": "Jul fra Clas Ohlson",
      "parent": "Clas Ohlson-butikken"
    },
    "price": { "price": 199.9, "unitPrice": 199.9, "unit": "stk", "qty": 1 }
  },
  {
    "title": "Fakler",
    "subtitle": "2 stk",
    "category": {
      "sub": "Jul fra Clas Ohlson",
      "parent": "Clas Ohlson-butikken"
    },
    "price": { "price": 24.9, "unitPrice": 12.45, "unit": "stk", "qty": 2 }
  },
  {
    "title": "Telys 100% stearin",
    "subtitle": "50 stk",
    "category": {
      "sub": "Jul fra Clas Ohlson",
      "parent": "Clas Ohlson-butikken"
    },
    "price": { "price": 49.9, "unitPrice": 1, "unit": "stk", "qty": 49.9 }
  },
  {
    "title": "Matboks 1,2l Transparent",
    "subtitle": "1 stk",
    "category": { "sub": "Kjøkken", "parent": "Clas Ohlson-butikken" },
    "price": { "price": 19.9, "unitPrice": 19.9, "unit": "stk", "qty": 1 }
  },
  {
    "title": "Matboks Glass",
    "subtitle": "0.33l, 1 stk",
    "category": { "sub": "Kjøkken", "parent": "Clas Ohlson-butikken" },
    "price": { "price": 44.9, "unitPrice": 44.9, "unit": "stk", "qty": 1 }
  },
  {
    "title": "Matboks Glass",
    "subtitle": "1,5l, 1 stk",
    "category": { "sub": "Kjøkken", "parent": "Clas Ohlson-butikken" },
    "price": { "price": 79.9, "unitPrice": 79.9, "unit": "stk", "qty": 1 }
  },
  {
    "title": "Matboks Glass",
    "subtitle": "0,8l, 1 stk",
    "category": { "sub": "Kjøkken", "parent": "Clas Ohlson-butikken" },
    "price": { "price": 49.9, "unitPrice": 49.9, "unit": "stk", "qty": 1 }
  },
  {
    "title": "Kjøleskapsoppbevaring XS",
    "subtitle": "1 stk",
    "category": { "sub": "Kjøkken", "parent": "Clas Ohlson-butikken" },
    "price": { "price": 24.9, "unitPrice": 24.9, "unit": "stk", "qty": 1 }
  },
  {
    "title": "Kjøleskapsoppbevaring S",
    "subtitle": "1 stk",
    "category": { "sub": "Kjøkken", "parent": "Clas Ohlson-butikken" },
    "price": { "price": 34.9, "unitPrice": 34.9, "unit": "stk", "qty": 1 }
  },
  {
    "title": "Kjøleskapsoppbevaring M",
    "subtitle": "1 stk",
    "category": { "sub": "Kjøkken", "parent": "Clas Ohlson-butikken" },
    "price": { "price": 59.9, "unitPrice": 59.9, "unit": "stk", "qty": 1 }
  },
  {
    "title": "Klart lokk",
    "subtitle": "til kjøleskapoppbevaring XS, 1 stk",
    "category": { "sub": "Kjøkken", "parent": "Clas Ohlson-butikken" },
    "price": { "price": 14.9, "unitPrice": 14.9, "unit": "stk", "qty": 1 }
  },
  {
    "title": "Klart lokk",
    "subtitle": "til kjøleskapoppbevaring S, 1 stk",
    "category": { "sub": "Kjøkken", "parent": "Clas Ohlson-butikken" },
    "price": { "price": 29.9, "unitPrice": 29.9, "unit": "stk", "qty": 1 }
  },
  {
    "title": "Klart lokk",
    "subtitle": "til kjøleskapoppbevaring M, 1 stk",
    "category": { "sub": "Kjøkken", "parent": "Clas Ohlson-butikken" },
    "price": { "price": 29.9, "unitPrice": 29.9, "unit": "stk", "qty": 1 }
  },
  {
    "title": "Bambus lokk",
    "subtitle": "til kjøleskapoppbevaring XS, 1 stk",
    "category": { "sub": "Kjøkken", "parent": "Clas Ohlson-butikken" },
    "price": { "price": 29.9, "unitPrice": 29.9, "unit": "stk", "qty": 1 }
  },
  {
    "title": "Bambus lokk",
    "subtitle": "til kjøleskapoppbevaring S, 1 stk",
    "category": { "sub": "Kjøkken", "parent": "Clas Ohlson-butikken" },
    "price": { "price": 39.9, "unitPrice": 39.9, "unit": "stk", "qty": 1 }
  },
  {
    "title": "Bambus lokk",
    "subtitle": "til kjøleskapoppbevaring M, 1 stk",
    "category": { "sub": "Kjøkken", "parent": "Clas Ohlson-butikken" },
    "price": { "price": 59.9, "unitPrice": 59.9, "unit": "stk", "qty": 1 }
  },
  {
    "title": "Kjøleskapsoppbevaring for bokser",
    "subtitle": "1 stk",
    "category": { "sub": "Kjøkken", "parent": "Clas Ohlson-butikken" },
    "price": { "price": 49.9, "unitPrice": 49.9, "unit": "stk", "qty": 1 }
  },
  {
    "title": "Kjøleskapsoppbevaring for egg",
    "subtitle": "1 stk",
    "category": { "sub": "Kjøkken", "parent": "Clas Ohlson-butikken" },
    "price": { "price": 79.9, "unitPrice": 79.9, "unit": "stk", "qty": 1 }
  },
  {
    "title": "Kjøleskapsoppbevaring for flaske",
    "subtitle": "1 stk",
    "category": { "sub": "Kjøkken", "parent": "Clas Ohlson-butikken" },
    "price": { "price": 39.9, "unitPrice": 39.9, "unit": "stk", "qty": 1 }
  },
  {
    "title": "Bestikksett 24 deler",
    "subtitle": "Gullfarge, 1 stk",
    "category": { "sub": "Kjøkken", "parent": "Clas Ohlson-butikken" },
    "price": { "price": 399.9, "unitPrice": 399.9, "unit": "stk", "qty": 1 }
  },
  {
    "title": "Bestikksett 24 deler",
    "subtitle": "Rustfritt, 1 stk",
    "category": { "sub": "Kjøkken", "parent": "Clas Ohlson-butikken" },
    "price": { "price": 349.9, "unitPrice": 349.9, "unit": "stk", "qty": 1 }
  },
  {
    "title": "Kjøkkenvekt 5kg, Sølv",
    "subtitle": "1 stk",
    "category": { "sub": "Kjøkken", "parent": "Clas Ohlson-butikken" },
    "price": { "price": 169.9, "unitPrice": 169.9, "unit": "stk", "qty": 1 }
  },
  {
    "title": "Kokkekniv Coline 20cm",
    "subtitle": "1 stk",
    "category": { "sub": "Kjøkken", "parent": "Clas Ohlson-butikken" },
    "price": { "price": 199.9, "unitPrice": 199.9, "unit": "stk", "qty": 1 }
  },
  {
    "title": "Skrellekniv 9cm",
    "subtitle": "Capere, 1 stk",
    "category": { "sub": "Kjøkken", "parent": "Clas Ohlson-butikken" },
    "price": { "price": 99.9, "unitPrice": 99.9, "unit": "stk", "qty": 1 }
  },
  {
    "title": "Brødkniv 20cm",
    "subtitle": "1 stk",
    "category": { "sub": "Kjøkken", "parent": "Clas Ohlson-butikken" },
    "price": { "price": 199.9, "unitPrice": 199.9, "unit": "stk", "qty": 1 }
  },
  {
    "title": "Kniver 4-pack",
    "subtitle": "1 stk",
    "category": { "sub": "Kjøkken", "parent": "Clas Ohlson-butikken" },
    "price": { "price": 139.9, "unitPrice": 139.9, "unit": "stk", "qty": 1 }
  },
  {
    "title": "Gryte 1.5l rustfri coline",
    "subtitle": "1 stk",
    "category": { "sub": "Kjøkken", "parent": "Clas Ohlson-butikken" },
    "price": { "price": 199.9, "unitPrice": 199.9, "unit": "stk", "qty": 1 }
  },
  {
    "title": "Gryte 3.0l rustfri coline",
    "subtitle": "1 stk",
    "category": { "sub": "Kjøkken", "parent": "Clas Ohlson-butikken" },
    "price": { "price": 299.9, "unitPrice": 299.9, "unit": "stk", "qty": 1 }
  },
  {
    "title": "Kasserolle Diamant",
    "subtitle": "1.3l, 1 stk",
    "category": { "sub": "Kjøkken", "parent": "Clas Ohlson-butikken" },
    "price": { "price": 199.9, "unitPrice": 199.9, "unit": "stk", "qty": 1 }
  },
  {
    "title": "Kasserolle Diamant",
    "subtitle": "2.5l, 1 stk",
    "category": { "sub": "Kjøkken", "parent": "Clas Ohlson-butikken" },
    "price": { "price": 349.9, "unitPrice": 349.9, "unit": "stk", "qty": 1 }
  },
  {
    "title": "Stekepanne 24cm Tefal Jamie Oliver",
    "subtitle": "1 stk",
    "category": { "sub": "Kjøkken", "parent": "Clas Ohlson-butikken" },
    "price": { "price": 399.9, "unitPrice": 399.9, "unit": "stk", "qty": 1 }
  },
  {
    "title": "Stekepanne Diamant",
    "subtitle": "28cm, 1 stk",
    "category": { "sub": "Kjøkken", "parent": "Clas Ohlson-butikken" },
    "price": { "price": 249.9, "unitPrice": 249.9, "unit": "stk", "qty": 1 }
  },
  {
    "title": "Isbitform 16 biter",
    "subtitle": "1 stk",
    "category": { "sub": "Kjøkken", "parent": "Clas Ohlson-butikken" },
    "price": { "price": 19.9, "unitPrice": 19.9, "unit": "stk", "qty": 1 }
  },
  {
    "title": "Kjevle bøk",
    "subtitle": "1 stk",
    "category": { "sub": "Kjøkken", "parent": "Clas Ohlson-butikken" },
    "price": { "price": 99.9, "unitPrice": 99.9, "unit": "stk", "qty": 1 }
  },
  {
    "title": "Muffinsform 12 Cups Coline",
    "subtitle": "1 stk",
    "category": { "sub": "Kjøkken", "parent": "Clas Ohlson-butikken" },
    "price": { "price": 129.9, "unitPrice": 129.9, "unit": "stk", "qty": 1 }
  },
  {
    "title": "Springform Coline",
    "subtitle": "24 cm, 1 stk",
    "category": { "sub": "Kjøkken", "parent": "Clas Ohlson-butikken" },
    "price": { "price": 119.9, "unitPrice": 119.9, "unit": "stk", "qty": 1 }
  },
  {
    "title": "Ovnsform Med Lokk",
    "subtitle": "1 stk",
    "category": { "sub": "Kjøkken", "parent": "Clas Ohlson-butikken" },
    "price": { "price": 169.9, "unitPrice": 169.9, "unit": "stk", "qty": 1 }
  },
  {
    "title": "Langform Coline",
    "subtitle": "1 stk",
    "category": { "sub": "Kjøkken", "parent": "Clas Ohlson-butikken" },
    "price": { "price": 99.9, "unitPrice": 99.9, "unit": "stk", "qty": 1 }
  },
  {
    "title": "Ostehøvel Coline",
    "subtitle": "1 stk",
    "category": { "sub": "Kjøkken", "parent": "Clas Ohlson-butikken" },
    "price": { "price": 39.9, "unitPrice": 39.9, "unit": "stk", "qty": 1 }
  },
  {
    "title": "Potetskreller \"Jonas\"",
    "subtitle": "1 stk",
    "category": { "sub": "Kjøkken", "parent": "Clas Ohlson-butikken" },
    "price": { "price": 39.9, "unitPrice": 39.9, "unit": "stk", "qty": 1 }
  },
  {
    "title": "Rustfri sil",
    "subtitle": "19 cm, 1 stk",
    "category": { "sub": "Kjøkken", "parent": "Clas Ohlson-butikken" },
    "price": { "price": 99.9, "unitPrice": 99.9, "unit": "stk", "qty": 1 }
  },
  {
    "title": "Saksesett",
    "subtitle": "3 stk",
    "category": { "sub": "Kjøkken", "parent": "Clas Ohlson-butikken" },
    "price": { "price": 99.9, "unitPrice": 33.3, "unit": "stk", "qty": 3 }
  },
  {
    "title": "Steketermometer Coline",
    "subtitle": "1 stk",
    "category": { "sub": "Kjøkken", "parent": "Clas Ohlson-butikken" },
    "price": { "price": 199.9, "unitPrice": 199.9, "unit": "stk", "qty": 1 }
  },
  {
    "title": "Bokseåpner",
    "subtitle": "1 stk",
    "category": { "sub": "Kjøkken", "parent": "Clas Ohlson-butikken" },
    "price": { "price": 69.9, "unitPrice": 69.9, "unit": "stk", "qty": 1 }
  },
  {
    "title": "Drikkeglass",
    "subtitle": "32cl (klart glass), 6 stk",
    "category": { "sub": "Kjøkken", "parent": "Clas Ohlson-butikken" },
    "price": { "price": 99.9, "unitPrice": 16.65, "unit": "stk", "qty": 6 }
  },
  {
    "title": "Eggdeler",
    "subtitle": "1 stk",
    "category": { "sub": "Kjøkken", "parent": "Clas Ohlson-butikken" },
    "price": { "price": 49.9, "unitPrice": 49.9, "unit": "stk", "qty": 1 }
  },
  {
    "title": "Ekstra blad komfyr og glass-skrape",
    "subtitle": "1 stk",
    "category": { "sub": "Kjøkken", "parent": "Clas Ohlson-butikken" },
    "price": { "price": 49.9, "unitPrice": 49.9, "unit": "stk", "qty": 1 }
  },
  {
    "title": "Epleskreller",
    "subtitle": "1 stk",
    "category": { "sub": "Kjøkken", "parent": "Clas Ohlson-butikken" },
    "price": { "price": 269.9, "unitPrice": 269.9, "unit": "stk", "qty": 1 }
  },
  {
    "title": "Glasskrukke med lokk 1,0l",
    "subtitle": "1 stk",
    "category": { "sub": "Kjøkken", "parent": "Clas Ohlson-butikken" },
    "price": { "price": 49.9, "unitPrice": 49.9, "unit": "stk", "qty": 1 }
  },
  {
    "title": "Glasskrukker",
    "subtitle": "4 stk",
    "category": { "sub": "Kjøkken", "parent": "Clas Ohlson-butikken" },
    "price": { "price": 79.9, "unitPrice": 19.98, "unit": "stk", "qty": 4 }
  },
  {
    "title": "Ildfastform oval",
    "subtitle": "35 x 24 x 7 cm, 1 stk",
    "category": { "sub": "Kjøkken", "parent": "Clas Ohlson-butikken" },
    "price": { "price": 99.9, "unitPrice": 99.9, "unit": "stk", "qty": 1 }
  },
  {
    "title": "Kaffemål metall",
    "subtitle": "1 stk",
    "category": { "sub": "Kjøkken", "parent": "Clas Ohlson-butikken" },
    "price": { "price": 49.9, "unitPrice": 49.9, "unit": "stk", "qty": 1 }
  },
  {
    "title": "Kjøkkenhåndkle Grå/hvit",
    "subtitle": "4 stk",
    "category": { "sub": "Kjøkken", "parent": "Clas Ohlson-butikken" },
    "price": { "price": 59.9, "unitPrice": 14.98, "unit": "stk", "qty": 4 }
  },
  {
    "title": "Kjøkkenredskaper bøk",
    "subtitle": "30cm lende, 3 stk",
    "category": { "sub": "Kjøkken", "parent": "Clas Ohlson-butikken" },
    "price": { "price": 69.9, "unitPrice": 23.3, "unit": "stk", "qty": 3 }
  },
  {
    "title": "Knivblokk med 5 Kniver",
    "subtitle": "Sort tre, 1 stk",
    "category": { "sub": "Kjøkken", "parent": "Clas Ohlson-butikken" },
    "price": { "price": 1198, "unitPrice": 1198, "unit": "stk", "qty": 1 }
  },
  {
    "title": "Knivsliper",
    "subtitle": "1 stk",
    "category": { "sub": "Kjøkken", "parent": "Clas Ohlson-butikken" },
    "price": { "price": 129.9, "unitPrice": 129.9, "unit": "stk", "qty": 1 }
  },
  {
    "title": "Korketrekker",
    "subtitle": "1 stk",
    "category": { "sub": "Kjøkken", "parent": "Clas Ohlson-butikken" },
    "price": { "price": 79.9, "unitPrice": 79.9, "unit": "stk", "qty": 1 }
  },
  {
    "title": "Korkunderlag",
    "subtitle": "2 stk",
    "category": { "sub": "Kjøkken", "parent": "Clas Ohlson-butikken" },
    "price": { "price": 49.9, "unitPrice": 24.95, "unit": "stk", "qty": 2 }
  },
  {
    "title": "Litermål",
    "subtitle": "1 stk",
    "category": { "sub": "Kjøkken", "parent": "Clas Ohlson-butikken" },
    "price": { "price": 59.9, "unitPrice": 59.9, "unit": "stk", "qty": 1 }
  },
  {
    "title": "Målesett",
    "subtitle": "Milliliter, 4 stk",
    "category": { "sub": "Kjøkken", "parent": "Clas Ohlson-butikken" },
    "price": { "price": 99.9, "unitPrice": 24.98, "unit": "stk", "qty": 4 }
  },
  {
    "title": "Paiform glass",
    "subtitle": "27cm, 1 stk",
    "category": { "sub": "Kjøkken", "parent": "Clas Ohlson-butikken" },
    "price": { "price": 79.9, "unitPrice": 79.9, "unit": "stk", "qty": 1 }
  },
  {
    "title": "Pizzakutter",
    "subtitle": "1 stk",
    "category": { "sub": "Kjøkken", "parent": "Clas Ohlson-butikken" },
    "price": { "price": 39.9, "unitPrice": 39.9, "unit": "stk", "qty": 1 }
  },
  {
    "title": "Plastfolieautomat",
    "subtitle": "1 stk",
    "category": { "sub": "Kjøkken", "parent": "Clas Ohlson-butikken" },
    "price": { "price": 269.9, "unitPrice": 269.9, "unit": "stk", "qty": 1 }
  },
  {
    "title": "Potetskreller",
    "subtitle": "1 stk",
    "category": { "sub": "Kjøkken", "parent": "Clas Ohlson-butikken" },
    "price": { "price": 39.9, "unitPrice": 39.9, "unit": "stk", "qty": 1 }
  },
  {
    "title": "Rivjern",
    "subtitle": "1 stk",
    "category": { "sub": "Kjøkken", "parent": "Clas Ohlson-butikken" },
    "price": { "price": 69.9, "unitPrice": 69.9, "unit": "stk", "qty": 1 }
  },
  {
    "title": "Sitruspresse",
    "subtitle": "1 stk",
    "category": { "sub": "Kjøkken", "parent": "Clas Ohlson-butikken" },
    "price": { "price": 199.9, "unitPrice": 199.9, "unit": "stk", "qty": 1 }
  },
  {
    "title": "Spiralvisp",
    "subtitle": "1 stk",
    "category": { "sub": "Kjøkken", "parent": "Clas Ohlson-butikken" },
    "price": { "price": 49.9, "unitPrice": 49.9, "unit": "stk", "qty": 1 }
  },
  {
    "title": "Stekefolie Nonstick",
    "subtitle": "1 stk",
    "category": { "sub": "Kjøkken", "parent": "Clas Ohlson-butikken" },
    "price": { "price": 59.9, "unitPrice": 59.9, "unit": "stk", "qty": 1 }
  },
  {
    "title": "Stekespade rustfritt stål",
    "subtitle": "29cm, 1 stk",
    "category": { "sub": "Kjøkken", "parent": "Clas Ohlson-butikken" },
    "price": { "price": 49.9, "unitPrice": 49.9, "unit": "stk", "qty": 1 }
  },
  {
    "title": "Struspresse Coline",
    "subtitle": "1 stk",
    "category": { "sub": "Kjøkken", "parent": "Clas Ohlson-butikken" },
    "price": { "price": 179.9, "unitPrice": 179.9, "unit": "stk", "qty": 1 }
  },
  {
    "title": "Sugerør metall",
    "subtitle": "Gullfarget med børste, 4 stk",
    "category": { "sub": "Kjøkken", "parent": "Clas Ohlson-butikken" },
    "price": { "price": 99.9, "unitPrice": 24.98, "unit": "stk", "qty": 4 }
  },
  {
    "title": "Termoskanne 1 liter svart",
    "subtitle": "1 stk",
    "category": { "sub": "Kjøkken", "parent": "Clas Ohlson-butikken" },
    "price": { "price": 149.9, "unitPrice": 149.9, "unit": "stk", "qty": 1 }
  },
  {
    "title": "Tesil med klype",
    "subtitle": "1 stk",
    "category": { "sub": "Kjøkken", "parent": "Clas Ohlson-butikken" },
    "price": { "price": 39.9, "unitPrice": 39.9, "unit": "stk", "qty": 1 }
  },
  {
    "title": "Timer",
    "subtitle": "Mekanisk til kjøkken, 1 stk",
    "category": { "sub": "Kjøkken", "parent": "Clas Ohlson-butikken" },
    "price": { "price": 99.9, "unitPrice": 99.9, "unit": "stk", "qty": 1 }
  },
  {
    "title": "Tørkerullholder",
    "subtitle": "sort, 1 stk",
    "category": { "sub": "Kjøkken", "parent": "Clas Ohlson-butikken" },
    "price": { "price": 49.9, "unitPrice": 49.9, "unit": "stk", "qty": 1 }
  },
  {
    "title": "Vaffeljern",
    "subtitle": "Dobbel, 1 stk",
    "category": { "sub": "Kjøkkenmaskiner", "parent": "Clas Ohlson-butikken" },
    "price": { "price": 499.9, "unitPrice": 499.9, "unit": "stk", "qty": 1 }
  },
  {
    "title": "Kaffetrakter Coline Svart",
    "subtitle": "1 stk",
    "category": { "sub": "Kjøkkenmaskiner", "parent": "Clas Ohlson-butikken" },
    "price": { "price": 799, "unitPrice": 799, "unit": "stk", "qty": 1 }
  },
  {
    "title": "Presskanne Bistro Nouveau",
    "subtitle": "3 kopper, 1 stk",
    "category": { "sub": "Kjøkkenmaskiner", "parent": "Clas Ohlson-butikken" },
    "price": { "price": 249.9, "unitPrice": 249.9, "unit": "stk", "qty": 1 }
  },
  {
    "title": "Vannkoker",
    "subtitle": "1.0L, Rustfri, 1 stk",
    "category": { "sub": "Kjøkkenmaskiner", "parent": "Clas Ohlson-butikken" },
    "price": { "price": 299.9, "unitPrice": 299.9, "unit": "stk", "qty": 1 }
  },
  {
    "title": "Vannkoker",
    "subtitle": "1.7l, Svart, 1 stk",
    "category": { "sub": "Kjøkkenmaskiner", "parent": "Clas Ohlson-butikken" },
    "price": { "price": 129.9, "unitPrice": 129.9, "unit": "stk", "qty": 1 }
  },
  {
    "title": "Stavmikser, Svart",
    "subtitle": "1 stk",
    "category": { "sub": "Kjøkkenmaskiner", "parent": "Clas Ohlson-butikken" },
    "price": { "price": 199.9, "unitPrice": 199.9, "unit": "stk", "qty": 1 }
  },
  {
    "title": "Stavmikser Coline Svart",
    "subtitle": "1 stk",
    "category": { "sub": "Kjøkkenmaskiner", "parent": "Clas Ohlson-butikken" },
    "price": { "price": 399.9, "unitPrice": 399.9, "unit": "stk", "qty": 1 }
  },
  {
    "title": "Blender Electrolux Esb2300",
    "subtitle": "1 stk",
    "category": { "sub": "Kjøkkenmaskiner", "parent": "Clas Ohlson-butikken" },
    "price": { "price": 499.9, "unitPrice": 499.9, "unit": "stk", "qty": 1 }
  },
  {
    "title": "Smørbrødgrill Krups",
    "subtitle": "1 stk",
    "category": { "sub": "Kjøkkenmaskiner", "parent": "Clas Ohlson-butikken" },
    "price": { "price": 499.9, "unitPrice": 499.9, "unit": "stk", "qty": 1 }
  },
  {
    "title": "Brødrister 2 skiver",
    "subtitle": "Svart, 1 stk",
    "category": { "sub": "Kjøkkenmaskiner", "parent": "Clas Ohlson-butikken" },
    "price": { "price": 169.9, "unitPrice": 169.9, "unit": "stk", "qty": 1 }
  },
  {
    "title": "Håndmikser Bosch",
    "subtitle": "1 stk",
    "category": { "sub": "Kjøkkenmaskiner", "parent": "Clas Ohlson-butikken" },
    "price": { "price": 499.9, "unitPrice": 499.9, "unit": "stk", "qty": 1 }
  },
  {
    "title": "Håndmikser Hvit",
    "subtitle": "1 stk",
    "category": { "sub": "Kjøkkenmaskiner", "parent": "Clas Ohlson-butikken" },
    "price": { "price": 199.9, "unitPrice": 199.9, "unit": "stk", "qty": 1 }
  },
  {
    "title": "Kaffekvern",
    "subtitle": "Molino, 1 stk",
    "category": { "sub": "Kjøkkenmaskiner", "parent": "Clas Ohlson-butikken" },
    "price": { "price": 599, "unitPrice": 599, "unit": "stk", "qty": 1 }
  },
  {
    "title": "Luftfrityrkoker",
    "subtitle": "1 stk",
    "category": { "sub": "Kjøkkenmaskiner", "parent": "Clas Ohlson-butikken" },
    "price": { "price": 799, "unitPrice": 799, "unit": "stk", "qty": 1 }
  },
  {
    "title": "Blender Bosch silentmix pro",
    "subtitle": "1 stk",
    "category": { "sub": "Kjøkkenmaskiner", "parent": "Clas Ohlson-butikken" },
    "price": { "price": 1390, "unitPrice": 1390, "unit": "stk", "qty": 1 }
  },
  {
    "title": "Sodastream 7Up Free Sitron",
    "subtitle": "Konsentrat, 440 ml",
    "category": { "sub": "Kjøkkenmaskiner", "parent": "Clas Ohlson-butikken" },
    "price": { "price": 99.9, "unitPrice": 227.05, "unit": "l", "qty": 0.44 }
  },
  {
    "title": "Sodastream 7Up Sitron",
    "subtitle": "Konsentrat, 440 ml",
    "category": { "sub": "Kjøkkenmaskiner", "parent": "Clas Ohlson-butikken" },
    "price": { "price": 99.9, "unitPrice": 227.05, "unit": "l", "qty": 0.44 }
  },
  {
    "title": "Sodastream Mirinda Appelsin",
    "subtitle": "Konsentrat, 440 ml",
    "category": { "sub": "Kjøkkenmaskiner", "parent": "Clas Ohlson-butikken" },
    "price": { "price": 99.9, "unitPrice": 227.05, "unit": "l", "qty": 0.44 }
  },
  {
    "title": "Sodastream Pepsi Cola",
    "subtitle": "Konsentrat, 440 ml",
    "category": { "sub": "Kjøkkenmaskiner", "parent": "Clas Ohlson-butikken" },
    "price": { "price": 99.9, "unitPrice": 227.05, "unit": "l", "qty": 0.44 }
  },
  {
    "title": "Sodastream Pepsi Max",
    "subtitle": "Konsentrat, 440 ml",
    "category": { "sub": "Kjøkkenmaskiner", "parent": "Clas Ohlson-butikken" },
    "price": { "price": 99.9, "unitPrice": 227.05, "unit": "l", "qty": 0.44 }
  },
  {
    "title": "Vannkoker Coline Sort",
    "subtitle": "1 stk",
    "category": { "sub": "Kjøkkenmaskiner", "parent": "Clas Ohlson-butikken" },
    "price": { "price": 399.9, "unitPrice": 399.9, "unit": "stk", "qty": 1 }
  },
  {
    "title": "Kopipapir A4 500 ark",
    "subtitle": "1 stk",
    "category": { "sub": "Kontorartikler", "parent": "Clas Ohlson-butikken" },
    "price": { "price": 39.9, "unitPrice": 39.9, "unit": "stk", "qty": 1 }
  },
  {
    "title": "Notiskube 400 Ark",
    "subtitle": "1 stk",
    "category": { "sub": "Kontorartikler", "parent": "Clas Ohlson-butikken" },
    "price": { "price": 59.9, "unitPrice": 59.9, "unit": "stk", "qty": 1 }
  },
  {
    "title": "Collegeblokk A4 Linjer",
    "subtitle": "3 stk",
    "category": { "sub": "Kontorartikler", "parent": "Clas Ohlson-butikken" },
    "price": { "price": 39.9, "unitPrice": 13.3, "unit": "stk", "qty": 3 }
  },
  {
    "title": "Collegeblokk A4 Ruter",
    "subtitle": "3 stk",
    "category": { "sub": "Kontorartikler", "parent": "Clas Ohlson-butikken" },
    "price": { "price": 39.9, "unitPrice": 13.3, "unit": "stk", "qty": 3 }
  },
  {
    "title": "Collegeblokk A5 Linjert",
    "subtitle": "3 stk",
    "category": { "sub": "Kontorartikler", "parent": "Clas Ohlson-butikken" },
    "price": { "price": 39.9, "unitPrice": 13.3, "unit": "stk", "qty": 3 }
  },
  {
    "title": "Collegeblokk A5 Rutet",
    "subtitle": "3 stk",
    "category": { "sub": "Kontorartikler", "parent": "Clas Ohlson-butikken" },
    "price": { "price": 39.9, "unitPrice": 13.3, "unit": "stk", "qty": 3 }
  },
  {
    "title": "Limstift 21 G",
    "subtitle": "1 stk",
    "category": { "sub": "Kontorartikler", "parent": "Clas Ohlson-butikken" },
    "price": { "price": 29.9, "unitPrice": 29.9, "unit": "stk", "qty": 1 }
  },
  {
    "title": "Teipdispenser M/teip",
    "subtitle": "1 stk",
    "category": { "sub": "Kontorartikler", "parent": "Clas Ohlson-butikken" },
    "price": { "price": 39.9, "unitPrice": 39.9, "unit": "stk", "qty": 1 }
  },
  {
    "title": "Husholdningsteip 19mm",
    "subtitle": "3 stk",
    "category": { "sub": "Kontorartikler", "parent": "Clas Ohlson-butikken" },
    "price": { "price": 49.9, "unitPrice": 16.63, "unit": "stk", "qty": 3 }
  },
  {
    "title": "Gaffateip Basic Mattsvart",
    "subtitle": "1 stk",
    "category": { "sub": "Kontorartikler", "parent": "Clas Ohlson-butikken" },
    "price": { "price": 99.9, "unitPrice": 99.9, "unit": "stk", "qty": 1 }
  },
  {
    "title": "Lesebrille + 1.50",
    "subtitle": "1 stk",
    "category": { "sub": "Kontorartikler", "parent": "Clas Ohlson-butikken" },
    "price": { "price": 99.9, "unitPrice": 99.9, "unit": "stk", "qty": 1 }
  },
  {
    "title": "Lesebrille + 2.00",
    "subtitle": "1 stk",
    "category": { "sub": "Kontorartikler", "parent": "Clas Ohlson-butikken" },
    "price": { "price": 99.9, "unitPrice": 99.9, "unit": "stk", "qty": 1 }
  },
  {
    "title": "Lesebrille + 2.50",
    "subtitle": "1 stk",
    "category": { "sub": "Kontorartikler", "parent": "Clas Ohlson-butikken" },
    "price": { "price": 99.9, "unitPrice": 99.9, "unit": "stk", "qty": 1 }
  },
  {
    "title": "Brilleservietter",
    "subtitle": "1 stk",
    "category": { "sub": "Kontorartikler", "parent": "Clas Ohlson-butikken" },
    "price": { "price": 39.9, "unitPrice": 39.9, "unit": "stk", "qty": 1 }
  },
  {
    "title": "Stiftemaskin",
    "subtitle": "For 26/6 klammer, 1 stk",
    "category": { "sub": "Kontorartikler", "parent": "Clas Ohlson-butikken" },
    "price": { "price": 59.9, "unitPrice": 59.9, "unit": "stk", "qty": 1 }
  },
  {
    "title": "Hullemaskin",
    "subtitle": "30 ark, 1 stk",
    "category": { "sub": "Kontorartikler", "parent": "Clas Ohlson-butikken" },
    "price": { "price": 79.9, "unitPrice": 79.9, "unit": "stk", "qty": 1 }
  },
  {
    "title": "Notismix",
    "subtitle": "8 deler, 1 stk",
    "category": { "sub": "Kontorartikler", "parent": "Clas Ohlson-butikken" },
    "price": { "price": 69.9, "unitPrice": 69.9, "unit": "stk", "qty": 1 }
  },
  {
    "title": "Boblepose",
    "subtitle": "180x265mm, 10 stk",
    "category": { "sub": "Kontorartikler", "parent": "Clas Ohlson-butikken" },
    "price": { "price": 59.9, "unitPrice": 5.99, "unit": "stk", "qty": 10 }
  },
  {
    "title": "Kalkulator",
    "subtitle": "1 stk",
    "category": { "sub": "Kontorartikler", "parent": "Clas Ohlson-butikken" },
    "price": { "price": 69.9, "unitPrice": 69.9, "unit": "stk", "qty": 1 }
  },
  {
    "title": "Boblepose",
    "subtitle": "215x120mm, 10 stk",
    "category": { "sub": "Kontorartikler", "parent": "Clas Ohlson-butikken" },
    "price": { "price": 49.9, "unitPrice": 4.99, "unit": "stk", "qty": 10 }
  },
  {
    "title": "Boblepose",
    "subtitle": "360x270mm, 10 stk",
    "category": { "sub": "Kontorartikler", "parent": "Clas Ohlson-butikken" },
    "price": { "price": 69.9, "unitPrice": 6.99, "unit": "stk", "qty": 10 }
  },
  {
    "title": "Memotavle med penn",
    "subtitle": "1 stk",
    "category": { "sub": "Kontorartikler", "parent": "Clas Ohlson-butikken" },
    "price": { "price": 69.9, "unitPrice": 69.9, "unit": "stk", "qty": 1 }
  },
  {
    "title": "Klammer til Stiftemaskin 26/6",
    "subtitle": "1 stk",
    "category": { "sub": "Kontorartikler", "parent": "Clas Ohlson-butikken" },
    "price": { "price": 39.9, "unitPrice": 39.9, "unit": "stk", "qty": 1 }
  },
  {
    "title": "Id kortholder med jojo",
    "subtitle": "1 stk",
    "category": { "sub": "Kontorartikler", "parent": "Clas Ohlson-butikken" },
    "price": { "price": 89.9, "unitPrice": 89.9, "unit": "stk", "qty": 1 }
  },
  {
    "title": "Bobleplast",
    "subtitle": "20 m",
    "category": { "sub": "Kontorartikler", "parent": "Clas Ohlson-butikken" },
    "price": { "price": 99.9, "unitPrice": 5, "unit": "m", "qty": 19.98 }
  },
  {
    "title": "Fargeblyanter FSC",
    "subtitle": "24 stk",
    "category": { "sub": "Leker", "parent": "Clas Ohlson-butikken" },
    "price": { "price": 99.9, "unitPrice": 4.16, "unit": "stk", "qty": 24.01 }
  },
  {
    "title": "Modell-leire",
    "subtitle": "24-pack, 1 stk",
    "category": { "sub": "Leker", "parent": "Clas Ohlson-butikken" },
    "price": { "price": 149.9, "unitPrice": 149.9, "unit": "stk", "qty": 1 }
  },
  {
    "title": "Juniorens verktøysett",
    "subtitle": "Blå, 1 stk",
    "category": { "sub": "Leker", "parent": "Clas Ohlson-butikken" },
    "price": { "price": 249.9, "unitPrice": 249.9, "unit": "stk", "qty": 1 }
  },
  {
    "title": "Drone X15A",
    "subtitle": "1 stk",
    "category": { "sub": "Leker", "parent": "Clas Ohlson-butikken" },
    "price": { "price": 399.9, "unitPrice": 399.9, "unit": "stk", "qty": 1 }
  },
  {
    "title": "Rubiks Kube",
    "subtitle": "1 stk",
    "category": { "sub": "Leker", "parent": "Clas Ohlson-butikken" },
    "price": { "price": 169.9, "unitPrice": 169.9, "unit": "stk", "qty": 1 }
  },
  {
    "title": "Maxi-yatzy",
    "subtitle": "1 stk",
    "category": { "sub": "Leker", "parent": "Clas Ohlson-butikken" },
    "price": { "price": 49.9, "unitPrice": 49.9, "unit": "stk", "qty": 1 }
  },
  {
    "title": "Kortstokk",
    "subtitle": "1 stk",
    "category": { "sub": "Leker", "parent": "Clas Ohlson-butikken" },
    "price": { "price": 39.9, "unitPrice": 39.9, "unit": "stk", "qty": 1 }
  },
  {
    "title": "Byggeklosser tre",
    "subtitle": "1 stk",
    "category": { "sub": "Leker", "parent": "Clas Ohlson-butikken" },
    "price": { "price": 199.9, "unitPrice": 199.9, "unit": "stk", "qty": 1 }
  },
  {
    "title": "Kasseapparat av tre",
    "subtitle": "1 stk",
    "category": { "sub": "Leker", "parent": "Clas Ohlson-butikken" },
    "price": { "price": 199.9, "unitPrice": 199.9, "unit": "stk", "qty": 1 }
  },
  {
    "title": "Traktor med dyr",
    "subtitle": "1 stk",
    "category": { "sub": "Leker", "parent": "Clas Ohlson-butikken" },
    "price": { "price": 299.9, "unitPrice": 299.9, "unit": "stk", "qty": 1 }
  },
  {
    "title": "Gravitrax Startsett",
    "subtitle": "Årets leke i 2019, 1 stk",
    "category": { "sub": "Leker", "parent": "Clas Ohlson-butikken" },
    "price": { "price": 699, "unitPrice": 699, "unit": "stk", "qty": 1 }
  },
  {
    "title": "LED-pære E27",
    "subtitle": "6w, 2 stk",
    "category": {
      "sub": "Lyspærer og belysning",
      "parent": "Clas Ohlson-butikken"
    },
    "price": { "price": 69.9, "unitPrice": 34.95, "unit": "stk", "qty": 2 }
  },
  {
    "title": "LED-pære E14",
    "subtitle": "2w, Illum, 136lm, 2 stk",
    "category": {
      "sub": "Lyspærer og belysning",
      "parent": "Clas Ohlson-butikken"
    },
    "price": { "price": 69.9, "unitPrice": 34.95, "unit": "stk", "qty": 2 }
  },
  {
    "title": "Mignonpære led E14 2W 136lm",
    "subtitle": "1 stk",
    "category": {
      "sub": "Lyspærer og belysning",
      "parent": "Clas Ohlson-butikken"
    },
    "price": { "price": 39.9, "unitPrice": 39.9, "unit": "stk", "qty": 1 }
  },
  {
    "title": "Illumpære led E14 2W 136lm",
    "subtitle": "1 stk",
    "category": {
      "sub": "Lyspærer og belysning",
      "parent": "Clas Ohlson-butikken"
    },
    "price": { "price": 39.9, "unitPrice": 39.9, "unit": "stk", "qty": 1 }
  },
  {
    "title": "Led Osram Gu10 Dimbar 4,1w 230 Lm",
    "subtitle": "1 stk",
    "category": {
      "sub": "Lyspærer og belysning",
      "parent": "Clas Ohlson-butikken"
    },
    "price": { "price": 99.9, "unitPrice": 99.9, "unit": "stk", "qty": 1 }
  },
  {
    "title": "LED-pære GU10",
    "subtitle": "4w, 230lm, 2 stk",
    "category": {
      "sub": "Lyspærer og belysning",
      "parent": "Clas Ohlson-butikken"
    },
    "price": { "price": 79.9, "unitPrice": 39.95, "unit": "stk", "qty": 2 }
  },
  {
    "title": "Philips Wake-up light",
    "subtitle": "1 stk",
    "category": {
      "sub": "Lyspærer og belysning",
      "parent": "Clas Ohlson-butikken"
    },
    "price": { "price": 699, "unitPrice": 699, "unit": "stk", "qty": 1 }
  },
  {
    "title": "Lykt i metall sort 30 cm",
    "subtitle": "1 stk",
    "category": {
      "sub": "Lyspærer og belysning",
      "parent": "Clas Ohlson-butikken"
    },
    "price": { "price": 69.9, "unitPrice": 69.9, "unit": "stk", "qty": 1 }
  },
  {
    "title": "Digital LED Strip Light",
    "subtitle": "Til innendørs bruk, 3meter, 1 stk",
    "category": {
      "sub": "Lyspærer og belysning",
      "parent": "Clas Ohlson-butikken"
    },
    "price": { "price": 399.9, "unitPrice": 399.9, "unit": "stk", "qty": 1 }
  },
  {
    "title": "Fakler",
    "subtitle": "2 stk",
    "category": {
      "sub": "Lyspærer og belysning",
      "parent": "Clas Ohlson-butikken"
    },
    "price": { "price": 24.9, "unitPrice": 12.45, "unit": "stk", "qty": 2 }
  },
  {
    "title": "Værstasjon med fargeskjerm",
    "subtitle": "1 stk",
    "category": { "sub": "Elektronikk", "parent": "Clas Ohlson-butikken" },
    "price": { "price": 499.9, "unitPrice": 499.9, "unit": "stk", "qty": 1 }
  },
  {
    "title": "Synkkabel Lightning hvit",
    "subtitle": "iPod/iPhone/iPad, 1 stk",
    "category": { "sub": "Elektronikk", "parent": "Clas Ohlson-butikken" },
    "price": { "price": 159.9, "unitPrice": 159.9, "unit": "stk", "qty": 1 }
  },
  {
    "title": "Synkkabel Micro-USB",
    "subtitle": "Hvit, 1 stk",
    "category": { "sub": "Elektronikk", "parent": "Clas Ohlson-butikken" },
    "price": { "price": 149.9, "unitPrice": 149.9, "unit": "stk", "qty": 1 }
  },
  {
    "title": "Powerbank 3350 mAh",
    "subtitle": "1 stk",
    "category": { "sub": "Elektronikk", "parent": "Clas Ohlson-butikken" },
    "price": { "price": 99.9, "unitPrice": 99.9, "unit": "stk", "qty": 1 }
  },
  {
    "title": "Powerbank Usb-c 10050mah",
    "subtitle": "1 stk",
    "category": { "sub": "Elektronikk", "parent": "Clas Ohlson-butikken" },
    "price": { "price": 399.9, "unitPrice": 399.9, "unit": "stk", "qty": 1 }
  },
  {
    "title": "USB-lader Lightning 230v",
    "subtitle": "iPod/iPhone/iPad, 1 stk",
    "category": { "sub": "Elektronikk", "parent": "Clas Ohlson-butikken" },
    "price": { "price": 199.9, "unitPrice": 199.9, "unit": "stk", "qty": 1 }
  },
  {
    "title": "Usb-c Til Hdmi-adapter",
    "subtitle": "1 stk",
    "category": { "sub": "Elektronikk", "parent": "Clas Ohlson-butikken" },
    "price": { "price": 299.9, "unitPrice": 299.9, "unit": "stk", "qty": 1 }
  },
  {
    "title": "Lightning V-lader 12v",
    "subtitle": "iPod/iPhone/iPad, 1 stk",
    "category": { "sub": "Elektronikk", "parent": "Clas Ohlson-butikken" },
    "price": { "price": 199.9, "unitPrice": 199.9, "unit": "stk", "qty": 1 }
  },
  {
    "title": "Micro USB-lader 230V",
    "subtitle": "1m, sort, 1 stk",
    "category": { "sub": "Elektronikk", "parent": "Clas Ohlson-butikken" },
    "price": { "price": 159.9, "unitPrice": 159.9, "unit": "stk", "qty": 1 }
  },
  {
    "title": "USB-A til USB-C-kabel",
    "subtitle": "1,8m, 1 stk",
    "category": { "sub": "Elektronikk", "parent": "Clas Ohlson-butikken" },
    "price": { "price": 199.9, "unitPrice": 199.9, "unit": "stk", "qty": 1 }
  },
  {
    "title": "Mini-DisplayPort til HDMI-adapter",
    "subtitle": "1 stk",
    "category": { "sub": "Elektronikk", "parent": "Clas Ohlson-butikken" },
    "price": { "price": 349.9, "unitPrice": 349.9, "unit": "stk", "qty": 1 }
  },
  {
    "title": "HDMI-kabel",
    "subtitle": "2 meter, 1 stk",
    "category": { "sub": "Elektronikk", "parent": "Clas Ohlson-butikken" },
    "price": { "price": 199.9, "unitPrice": 199.9, "unit": "stk", "qty": 1 }
  },
  {
    "title": "Hodetelefon med mikrofon",
    "subtitle": "Svart, 1 stk",
    "category": { "sub": "Elektronikk", "parent": "Clas Ohlson-butikken" },
    "price": { "price": 119.9, "unitPrice": 119.9, "unit": "stk", "qty": 1 }
  },
  {
    "title": "12v USB Lader Micro-USB",
    "subtitle": "1 stk",
    "category": { "sub": "Elektronikk", "parent": "Clas Ohlson-butikken" },
    "price": { "price": 159.9, "unitPrice": 159.9, "unit": "stk", "qty": 1 }
  },
  {
    "title": "Trådløs mus",
    "subtitle": "1 stk",
    "category": { "sub": "Elektronikk", "parent": "Clas Ohlson-butikken" },
    "price": { "price": 139.9, "unitPrice": 139.9, "unit": "stk", "qty": 1 }
  },
  {
    "title": "Trådløst tastatur og mus",
    "subtitle": "1 stk",
    "category": { "sub": "Elektronikk", "parent": "Clas Ohlson-butikken" },
    "price": { "price": 249.9, "unitPrice": 249.9, "unit": "stk", "qty": 1 }
  },
  {
    "title": "Frontlykt sykkel led oppladbar",
    "subtitle": "1 stk",
    "category": { "sub": "Elektronikk", "parent": "Clas Ohlson-butikken" },
    "price": { "price": 199.9, "unitPrice": 199.9, "unit": "stk", "qty": 1 }
  },
  {
    "title": "Reiseadapter Europa til USA",
    "subtitle": "1 stk",
    "category": { "sub": "Elektronikk", "parent": "Clas Ohlson-butikken" },
    "price": { "price": 99.9, "unitPrice": 99.9, "unit": "stk", "qty": 1 }
  },
  {
    "title": "Reiseadapter Europa-UK",
    "subtitle": "1 stk",
    "category": { "sub": "Elektronikk", "parent": "Clas Ohlson-butikken" },
    "price": { "price": 99.9, "unitPrice": 99.9, "unit": "stk", "qty": 1 }
  },
  {
    "title": "Skjøteledning utendørs 10 meter",
    "subtitle": "1 stk",
    "category": { "sub": "Elektronikk", "parent": "Clas Ohlson-butikken" },
    "price": { "price": 209.9, "unitPrice": 209.9, "unit": "stk", "qty": 1 }
  },
  {
    "title": "Wifi smartplug",
    "subtitle": "1 stk",
    "category": { "sub": "Elektronikk", "parent": "Clas Ohlson-butikken" },
    "price": { "price": 299.9, "unitPrice": 299.9, "unit": "stk", "qty": 1 }
  },
  {
    "title": "Personvekt Svart",
    "subtitle": "1 stk",
    "category": { "sub": "Personlig pleie", "parent": "Clas Ohlson-butikken" },
    "price": { "price": 219.9, "unitPrice": 219.9, "unit": "stk", "qty": 1 }
  },
  {
    "title": "Tannbørste Frozen",
    "subtitle": "1 stk",
    "category": { "sub": "Personlig pleie", "parent": "Clas Ohlson-butikken" },
    "price": { "price": 299.9, "unitPrice": 299.9, "unit": "stk", "qty": 1 }
  },
  {
    "title": "Børstehode Frozen",
    "subtitle": "4 stk",
    "category": { "sub": "Personlig pleie", "parent": "Clas Ohlson-butikken" },
    "price": { "price": 199.9, "unitPrice": 49.98, "unit": "stk", "qty": 4 }
  },
  {
    "title": "Eltannbørste Star Wars",
    "subtitle": "1 stk",
    "category": { "sub": "Personlig pleie", "parent": "Clas Ohlson-butikken" },
    "price": { "price": 299.9, "unitPrice": 299.9, "unit": "stk", "qty": 1 }
  },
  {
    "title": "Børstehode Star Wars",
    "subtitle": "4 stk",
    "category": { "sub": "Personlig pleie", "parent": "Clas Ohlson-butikken" },
    "price": { "price": 199.9, "unitPrice": 49.98, "unit": "stk", "qty": 4 }
  },
  {
    "title": "Eltannbørste Oral B Smart 4200S",
    "subtitle": "1 stk",
    "category": { "sub": "Personlig pleie", "parent": "Clas Ohlson-butikken" },
    "price": { "price": 998, "unitPrice": 998, "unit": "stk", "qty": 1 }
  },
  {
    "title": "Hårføner",
    "subtitle": "Keratin, 1 stk",
    "category": { "sub": "Personlig pleie", "parent": "Clas Ohlson-butikken" },
    "price": { "price": 549, "unitPrice": 549, "unit": "stk", "qty": 1 }
  },
  {
    "title": "Barbermaskin",
    "subtitle": "Philips S5050/06, 1 stk",
    "category": { "sub": "Personlig pleie", "parent": "Clas Ohlson-butikken" },
    "price": { "price": 1298, "unitPrice": 1298, "unit": "stk", "qty": 1 }
  },
  {
    "title": "Elektrisk Barberhøvel Oneblade",
    "subtitle": "1 stk",
    "category": { "sub": "Personlig pleie", "parent": "Clas Ohlson-butikken" },
    "price": { "price": 349.9, "unitPrice": 349.9, "unit": "stk", "qty": 1 }
  },
  {
    "title": "Balsam Lyko Vegan",
    "subtitle": "75 ml",
    "category": { "sub": "Personlig pleie", "parent": "Clas Ohlson-butikken" },
    "price": { "price": 29.9, "unitPrice": 398.67, "unit": "l", "qty": 0.07 }
  },
  {
    "title": "Dusjsåpe Lyko Vegan",
    "subtitle": "75 ml",
    "category": { "sub": "Personlig pleie", "parent": "Clas Ohlson-butikken" },
    "price": { "price": 29.9, "unitPrice": 398.67, "unit": "l", "qty": 0.07 }
  },
  {
    "title": "Leppepomade Lyko Vegan",
    "subtitle": "Nøytral, 1 stk",
    "category": { "sub": "Personlig pleie", "parent": "Clas Ohlson-butikken" },
    "price": { "price": 29.9, "unitPrice": 29.9, "unit": "stk", "qty": 1 }
  },
  {
    "title": "Shampo Lyko Vegan",
    "subtitle": "75 ml",
    "category": { "sub": "Personlig pleie", "parent": "Clas Ohlson-butikken" },
    "price": { "price": 29.9, "unitPrice": 398.67, "unit": "l", "qty": 0.07 }
  },
  {
    "title": "Speil",
    "subtitle": "3x forstørrelse, 1 stk",
    "category": { "sub": "Personlig pleie", "parent": "Clas Ohlson-butikken" },
    "price": { "price": 99.9, "unitPrice": 99.9, "unit": "stk", "qty": 1 }
  },
  {
    "title": "Tørrshampo 75ml vegan",
    "subtitle": "1 stk",
    "category": { "sub": "Personlig pleie", "parent": "Clas Ohlson-butikken" },
    "price": { "price": 29.9, "unitPrice": 29.9, "unit": "stk", "qty": 1 }
  },
  {
    "title": "Håndstøvsuger",
    "subtitle": "7,2V, 1 stk",
    "category": { "sub": "Rengjøring", "parent": "Clas Ohlson-butikken" },
    "price": { "price": 329.9, "unitPrice": 329.9, "unit": "stk", "qty": 1 }
  },
  {
    "title": "Nuppefjerner",
    "subtitle": "1 stk",
    "category": { "sub": "Rengjøring", "parent": "Clas Ohlson-butikken" },
    "price": { "price": 149.9, "unitPrice": 149.9, "unit": "stk", "qty": 1 }
  },
  {
    "title": "Oppvaskunderlag",
    "subtitle": "Gra, 1 stk",
    "category": { "sub": "Rengjøring", "parent": "Clas Ohlson-butikken" },
    "price": { "price": 79.9, "unitPrice": 79.9, "unit": "stk", "qty": 1 }
  },
  {
    "title": "Klesklyper Tre",
    "subtitle": "24 stk",
    "category": { "sub": "Rengjøring", "parent": "Clas Ohlson-butikken" },
    "price": { "price": 39.9, "unitPrice": 1.66, "unit": "stk", "qty": 24.04 }
  },
  {
    "title": "Oppvaskmaskinrens",
    "subtitle": "2 stk",
    "category": { "sub": "Rengjøring", "parent": "Clas Ohlson-butikken" },
    "price": { "price": 49.9, "unitPrice": 24.95, "unit": "stk", "qty": 2 }
  },
  {
    "title": "Vaskemaskinrens",
    "subtitle": "2 stk",
    "category": { "sub": "Rengjøring", "parent": "Clas Ohlson-butikken" },
    "price": { "price": 49.9, "unitPrice": 24.95, "unit": "stk", "qty": 2 }
  },
  {
    "title": "Strykejern Coline",
    "subtitle": "1 stk",
    "category": { "sub": "Rengjøring", "parent": "Clas Ohlson-butikken" },
    "price": { "price": 349.9, "unitPrice": 349.9, "unit": "stk", "qty": 1 }
  },
  {
    "title": "Strykejern Philips Gc2994",
    "subtitle": "1 stk",
    "category": { "sub": "Rengjøring", "parent": "Clas Ohlson-butikken" },
    "price": { "price": 599, "unitPrice": 599, "unit": "stk", "qty": 1 }
  },
  {
    "title": "Avisningsklut fryser",
    "subtitle": "1 stk",
    "category": { "sub": "Rengjøring", "parent": "Clas Ohlson-butikken" },
    "price": { "price": 99.9, "unitPrice": 99.9, "unit": "stk", "qty": 1 }
  },
  {
    "title": "Feiesett",
    "subtitle": "1 stk",
    "category": { "sub": "Rengjøring", "parent": "Clas Ohlson-butikken" },
    "price": { "price": 59.9, "unitPrice": 59.9, "unit": "stk", "qty": 1 }
  },
  {
    "title": "Flaskebørste",
    "subtitle": "3 stk",
    "category": { "sub": "Rengjøring", "parent": "Clas Ohlson-butikken" },
    "price": { "price": 49.9, "unitPrice": 16.63, "unit": "stk", "qty": 3 }
  },
  {
    "title": "Kjøkkenhåndkle Grå/hvit",
    "subtitle": "4 stk",
    "category": { "sub": "Rengjøring", "parent": "Clas Ohlson-butikken" },
    "price": { "price": 59.9, "unitPrice": 14.98, "unit": "stk", "qty": 4 }
  },
  {
    "title": "Rengjøringsmiddel keramisk topp",
    "subtitle": "1 stk",
    "category": { "sub": "Rengjøring", "parent": "Clas Ohlson-butikken" },
    "price": { "price": 49.9, "unitPrice": 49.9, "unit": "stk", "qty": 1 }
  },
  {
    "title": "Twinner universal støvsugermunnstykke",
    "subtitle": "1 stk",
    "category": { "sub": "Rengjøring", "parent": "Clas Ohlson-butikken" },
    "price": { "price": 219.9, "unitPrice": 219.9, "unit": "stk", "qty": 1 }
  },
  {
    "title": "Støvsugerpose",
    "subtitle": "S-bag, C1800, 1 stk",
    "category": { "sub": "Rengjøring", "parent": "Clas Ohlson-butikken" },
    "price": { "price": 129.9, "unitPrice": 129.9, "unit": "stk", "qty": 1 }
  },
  {
    "title": "Bitssett 31 deler",
    "subtitle": "Cotech, 1 stk",
    "category": { "sub": "Verktøy", "parent": "Clas Ohlson-butikken" },
    "price": { "price": 129.9, "unitPrice": 129.9, "unit": "stk", "qty": 1 }
  },
  {
    "title": "Hammer 16oz",
    "subtitle": "1 stk",
    "category": { "sub": "Verktøy", "parent": "Clas Ohlson-butikken" },
    "price": { "price": 169.9, "unitPrice": 169.9, "unit": "stk", "qty": 1 }
  },
  {
    "title": "Heftepistol",
    "subtitle": "Cs140, Cocraft, 1 stk",
    "category": { "sub": "Verktøy", "parent": "Clas Ohlson-butikken" },
    "price": { "price": 249.9, "unitPrice": 249.9, "unit": "stk", "qty": 1 }
  },
  {
    "title": "Klammer Type 140 10mm",
    "subtitle": "650 stk",
    "category": { "sub": "Verktøy", "parent": "Clas Ohlson-butikken" },
    "price": { "price": 99.9, "unitPrice": 0.15, "unit": "stk", "qty": 666 }
  },
  {
    "title": "Juniorens verktøysett",
    "subtitle": "Blå, 1 stk",
    "category": { "sub": "Verktøy", "parent": "Clas Ohlson-butikken" },
    "price": { "price": 249.9, "unitPrice": 249.9, "unit": "stk", "qty": 1 }
  },
  {
    "title": "Målebånd 5m",
    "subtitle": "Cocraft, 1 stk",
    "category": { "sub": "Verktøy", "parent": "Clas Ohlson-butikken" },
    "price": { "price": 119.9, "unitPrice": 119.9, "unit": "stk", "qty": 1 }
  },
  {
    "title": "Skrue og pluggsett",
    "subtitle": "670 deler, 1 stk",
    "category": { "sub": "Verktøy", "parent": "Clas Ohlson-butikken" },
    "price": { "price": 149.9, "unitPrice": 149.9, "unit": "stk", "qty": 1 }
  },
  {
    "title": "Skrutrekkersett 7 deler",
    "subtitle": "Cocraft, 1 stk",
    "category": { "sub": "Verktøy", "parent": "Clas Ohlson-butikken" },
    "price": { "price": 209.9, "unitPrice": 209.9, "unit": "stk", "qty": 1 }
  },
  {
    "title": "Verktøykasse M/ Verktøy",
    "subtitle": "1 stk",
    "category": { "sub": "Verktøy", "parent": "Clas Ohlson-butikken" },
    "price": { "price": 249.9, "unitPrice": 249.9, "unit": "stk", "qty": 1 }
  },
  {
    "title": "Silikonspray",
    "subtitle": "250 ml",
    "category": { "sub": "Verktøy", "parent": "Clas Ohlson-butikken" },
    "price": { "price": 99.9, "unitPrice": 399.6, "unit": "l", "qty": 0.25 }
  },
  {
    "title": "Hvitløk & Ost Pizzabrød",
    "subtitle": "245 g",
    "category": { "sub": "Pizza", "parent": "Iceland Ny!" },
    "price": { "price": 34.9, "unitPrice": 142.45, "unit": "kg", "qty": 0.24 }
  },
  {
    "title": "Fire Oster Pizza",
    "subtitle": "Thin & Crispy, 300 g",
    "category": { "sub": "Pizza", "parent": "Iceland Ny!" },
    "price": { "price": 32.9, "unitPrice": 109.67, "unit": "kg", "qty": 0.3 }
  },
  {
    "title": "Ost og Skinke Pizza",
    "subtitle": "Thin & Crispy, 327 g",
    "category": { "sub": "Pizza", "parent": "Iceland Ny!" },
    "price": { "price": 39.9, "unitPrice": 122.02, "unit": "kg", "qty": 0.33 }
  },
  {
    "title": "Dobbel Pepperoni Pizza",
    "subtitle": "Thin & Crispy, 320 g",
    "category": { "sub": "Pizza", "parent": "Iceland Ny!" },
    "price": { "price": 32.9, "unitPrice": 102.81, "unit": "kg", "qty": 0.32 }
  },
  {
    "title": "Cheese Feast",
    "subtitle": "Ostefylt Skorpe, 453 g",
    "category": { "sub": "Pizza", "parent": "Iceland Ny!" },
    "price": { "price": 64.9, "unitPrice": 143.27, "unit": "kg", "qty": 0.45 }
  },
  {
    "title": "Pizza BBQ Meat Feast",
    "subtitle": "Ostefylt Skorpe, 475 g",
    "category": { "sub": "Pizza", "parent": "Iceland Ny!" },
    "price": { "price": 64.9, "unitPrice": 136.63, "unit": "kg", "qty": 0.48 }
  },
  {
    "title": "Skinke & Sjampinjong Pizza",
    "subtitle": "401 g",
    "category": { "sub": "Pizza", "parent": "Iceland Ny!" },
    "price": { "price": 49.9, "unitPrice": 124.44, "unit": "kg", "qty": 0.4 }
  },
  {
    "title": "Salami & Sausage Pizza",
    "subtitle": "389 g",
    "category": { "sub": "Pizza", "parent": "Iceland Ny!" },
    "price": { "price": 54.9, "unitPrice": 141.13, "unit": "kg", "qty": 0.39 }
  },
  {
    "title": "Fire Oster Pizza",
    "subtitle": "Deep Pan, 365 g",
    "category": { "sub": "Pizza", "parent": "Iceland Ny!" },
    "price": { "price": 39.9, "unitPrice": 109.32, "unit": "kg", "qty": 0.36 }
  },
  {
    "title": "Meat Feast Pizza",
    "subtitle": "Deep Pan, 358 g",
    "category": { "sub": "Pizza", "parent": "Iceland Ny!" },
    "price": { "price": 39.9, "unitPrice": 111.45, "unit": "kg", "qty": 0.36 }
  },
  {
    "title": "Dobbel Pepperoni Pizza",
    "subtitle": "Deep Pan, 346 g",
    "category": { "sub": "Pizza", "parent": "Iceland Ny!" },
    "price": { "price": 39.9, "unitPrice": 115.32, "unit": "kg", "qty": 0.35 }
  },
  {
    "title": "Spicy Pepperoni Takeaway Pizza",
    "subtitle": "645 g",
    "category": { "sub": "Pizza", "parent": "Iceland Ny!" },
    "price": { "price": 97.9, "unitPrice": 151.78, "unit": "kg", "qty": 0.65 }
  },
  {
    "title": "Kylling & Bacon Pasta",
    "subtitle": "750 g",
    "category": { "sub": "Ferdigretter", "parent": "Iceland Ny!" },
    "price": { "price": 59.9, "unitPrice": 79.87, "unit": "kg", "qty": 0.75 }
  },
  {
    "title": "Kylling Tikka Biryani",
    "subtitle": "750 g",
    "category": { "sub": "Ferdigretter", "parent": "Iceland Ny!" },
    "price": { "price": 59.9, "unitPrice": 79.87, "unit": "kg", "qty": 0.75 }
  },
  {
    "title": "Vegetable Lasagne",
    "subtitle": "500 g",
    "category": { "sub": "Ferdigretter", "parent": "Iceland Ny!" },
    "price": { "price": 35.9, "unitPrice": 71.8, "unit": "kg", "qty": 0.5 }
  },
  {
    "title": "Beef Lasagne",
    "subtitle": "500 g",
    "category": { "sub": "Ferdigretter", "parent": "Iceland Ny!" },
    "price": { "price": 42.9, "unitPrice": 85.8, "unit": "kg", "qty": 0.5 }
  },
  {
    "title": "Kongereker Alfredo",
    "subtitle": "450 g",
    "category": { "sub": "Ferdigretter", "parent": "Iceland Ny!" },
    "price": { "price": 79.9, "unitPrice": 177.56, "unit": "kg", "qty": 0.45 }
  },
  {
    "title": "Kyllingcurry med Ris",
    "subtitle": "500 g",
    "category": { "sub": "Ferdigretter", "parent": "Iceland Ny!" },
    "price": { "price": 39.9, "unitPrice": 79.8, "unit": "kg", "qty": 0.5 }
  },
  {
    "title": "Sweet & Sour Kylling med Ris",
    "subtitle": "500 g",
    "category": { "sub": "Ferdigretter", "parent": "Iceland Ny!" },
    "price": { "price": 39.9, "unitPrice": 79.8, "unit": "kg", "qty": 0.5 }
  },
  {
    "title": "Vårruller med And",
    "subtitle": "10 stk, 180 g",
    "category": { "sub": "Middag og tilbehør", "parent": "Iceland Ny!" },
    "price": { "price": 29.9, "unitPrice": 166.11, "unit": "kg", "qty": 0.18 }
  },
  {
    "title": "Vårruller med Grønnsaker",
    "subtitle": "16 stk, 320 g",
    "category": { "sub": "Middag og tilbehør", "parent": "Iceland Ny!" },
    "price": { "price": 27.9, "unitPrice": 87.19, "unit": "kg", "qty": 0.32 }
  },
  {
    "title": "Vårruller med Grønnsaker",
    "subtitle": "85 stk, 1,7 kg",
    "category": { "sub": "Middag og tilbehør", "parent": "Iceland Ny!" },
    "price": { "price": 149, "unitPrice": 87.65, "unit": "kg", "qty": 1.7 }
  },
  {
    "title": "Oppkuttet Koriander",
    "subtitle": "75 g",
    "category": { "sub": "Middag og tilbehør", "parent": "Iceland Ny!" },
    "price": { "price": 29.9, "unitPrice": 398.67, "unit": "kg", "qty": 0.07 }
  },
  {
    "title": "Oppkuttet Ingefær",
    "subtitle": "75 g",
    "category": { "sub": "Middag og tilbehør", "parent": "Iceland Ny!" },
    "price": { "price": 29.9, "unitPrice": 398.67, "unit": "kg", "qty": 0.07 }
  },
  {
    "title": "Oppkuttet Hvitløk",
    "subtitle": "100 g",
    "category": { "sub": "Middag og tilbehør", "parent": "Iceland Ny!" },
    "price": { "price": 32.9, "unitPrice": 329, "unit": "kg", "qty": 0.1 }
  },
  {
    "title": "Oppkuttet Chilli",
    "subtitle": "75 g",
    "category": { "sub": "Middag og tilbehør", "parent": "Iceland Ny!" },
    "price": { "price": 29.9, "unitPrice": 398.67, "unit": "kg", "qty": 0.07 }
  },
  {
    "title": "No Bull Veganboller",
    "subtitle": "16 stk, 192 g",
    "category": { "sub": "Middag og tilbehør", "parent": "Iceland Ny!" },
    "price": { "price": 69.9, "unitPrice": 364.06, "unit": "kg", "qty": 0.19 }
  },
  {
    "title": "No Bull Burger",
    "subtitle": "2 stk, 226 g",
    "category": { "sub": "Middag og tilbehør", "parent": "Iceland Ny!" },
    "price": { "price": 69.9, "unitPrice": 309.29, "unit": "kg", "qty": 0.23 }
  },
  {
    "title": "Nacho Spicy Bønneburger",
    "subtitle": "2 stk, 270 g",
    "category": { "sub": "Middag og tilbehør", "parent": "Iceland Ny!" },
    "price": { "price": 39.9, "unitPrice": 147.78, "unit": "kg", "qty": 0.27 }
  },
  {
    "title": "Vegetarburgere",
    "subtitle": "4 stk, 320 g",
    "category": { "sub": "Middag og tilbehør", "parent": "Iceland Ny!" },
    "price": { "price": 39.9, "unitPrice": 124.69, "unit": "kg", "qty": 0.32 }
  },
  {
    "title": "Cumberland Sausages",
    "subtitle": "10 stk, 500 g",
    "category": { "sub": "Middag og tilbehør", "parent": "Iceland Ny!" },
    "price": { "price": 94.9, "unitPrice": 189.8, "unit": "kg", "qty": 0.5 }
  },
  {
    "title": "Fiskefilet",
    "subtitle": "Benfri, Uten skinn, 700 g",
    "category": { "sub": "Middag og tilbehør", "parent": "Iceland Ny!" },
    "price": { "price": 79.9, "unitPrice": 114.14, "unit": "kg", "qty": 0.7 }
  },
  {
    "title": "Makrellfilet",
    "subtitle": "4 stk, Benfri, 400 g",
    "category": { "sub": "Middag og tilbehør", "parent": "Iceland Ny!" },
    "price": { "price": 64.9, "unitPrice": 162.25, "unit": "kg", "qty": 0.4 }
  },
  {
    "title": "Torskefilet",
    "subtitle": "4 stk, 440 g",
    "category": { "sub": "Middag og tilbehør", "parent": "Iceland Ny!" },
    "price": { "price": 84.9, "unitPrice": 192.95, "unit": "kg", "qty": 0.44 }
  },
  {
    "title": "Lettrøkt Hysefilet",
    "subtitle": "4 stk, Benfri, 520 g",
    "category": { "sub": "Middag og tilbehør", "parent": "Iceland Ny!" },
    "price": { "price": 89.9, "unitPrice": 172.88, "unit": "kg", "qty": 0.52 }
  },
  {
    "title": "Sugo Alle Vongole",
    "subtitle": "450 g",
    "category": { "sub": "Middag og tilbehør", "parent": "Iceland Ny!" },
    "price": { "price": 71.9, "unitPrice": 159.78, "unit": "kg", "qty": 0.45 }
  },
  {
    "title": "Yorkshire Pudding",
    "subtitle": "16 stk, 490 g",
    "category": { "sub": "Middag og tilbehør", "parent": "Iceland Ny!" },
    "price": { "price": 69.9, "unitPrice": 142.65, "unit": "kg", "qty": 0.49 }
  },
  {
    "title": "Warburtons Crumpets",
    "subtitle": "6 stk, 275 g",
    "category": { "sub": "Middag og tilbehør", "parent": "Iceland Ny!" },
    "price": { "price": 34.9, "unitPrice": 126.91, "unit": "kg", "qty": 0.27 }
  },
  {
    "title": "Lyse Frøbriks",
    "subtitle": "7 stk, 420 g",
    "category": { "sub": "Middag og tilbehør", "parent": "Iceland Ny!" },
    "price": { "price": 29.9, "unitPrice": 71.19, "unit": "kg", "qty": 0.42 }
  },
  {
    "title": "Flerkornbriks",
    "subtitle": "7 stk, 420 g",
    "category": { "sub": "Middag og tilbehør", "parent": "Iceland Ny!" },
    "price": { "price": 29.9, "unitPrice": 71.19, "unit": "kg", "qty": 0.42 }
  },
  {
    "title": "Mars Iskrem",
    "subtitle": "4 stk, 204 g",
    "category": { "sub": "Kaker, dessert og iskrem", "parent": "Iceland Ny!" },
    "price": { "price": 54.9, "unitPrice": 269.12, "unit": "kg", "qty": 0.2 }
  },
  {
    "title": "Magnum Mint Iskrem",
    "subtitle": "4 x 100ml, 400 ml",
    "category": { "sub": "Kaker, dessert og iskrem", "parent": "Iceland Ny!" },
    "price": { "price": 59.9, "unitPrice": 14.98, "unit": "stk", "qty": 4 }
  },
  {
    "title": "Magnum Classic Iskrem",
    "subtitle": "8 x 110ml, 880 ml",
    "category": { "sub": "Kaker, dessert og iskrem", "parent": "Iceland Ny!" },
    "price": { "price": 119, "unitPrice": 14.88, "unit": "stk", "qty": 8 }
  },
  {
    "title": "Magnum White Chocolate Iskrem",
    "subtitle": "8 x 110ml, 880 ml",
    "category": { "sub": "Kaker, dessert og iskrem", "parent": "Iceland Ny!" },
    "price": { "price": 119, "unitPrice": 14.88, "unit": "stk", "qty": 8 }
  },
  {
    "title": "Vanilla Iskrem",
    "subtitle": "0,9 l",
    "category": { "sub": "Kaker, dessert og iskrem", "parent": "Iceland Ny!" },
    "price": { "price": 64.9, "unitPrice": 72.11, "unit": "l", "qty": 0.9 }
  },
  {
    "title": "Ostekake Toffee",
    "subtitle": "455 g",
    "category": { "sub": "Kaker, dessert og iskrem", "parent": "Iceland Ny!" },
    "price": { "price": 49.9, "unitPrice": 109.67, "unit": "kg", "qty": 0.46 }
  },
  {
    "title": "Eple Crumble",
    "subtitle": "500 g",
    "category": { "sub": "Kaker, dessert og iskrem", "parent": "Iceland Ny!" },
    "price": { "price": 49.9, "unitPrice": 99.8, "unit": "kg", "qty": 0.5 }
  },
  {
    "title": "Roser Mix Varme Farger",
    "subtitle": "35 cm, 12 stk",
    "category": { "sub": "Roser", "parent": "Blomster og planter" },
    "price": { "price": 59.9, "unitPrice": 4.99, "unit": "stk", "qty": 12 }
  },
  {
    "title": "Roser Mix Kalde Farger",
    "subtitle": "35 cm, 12 stk",
    "category": { "sub": "Roser", "parent": "Blomster og planter" },
    "price": { "price": 59.9, "unitPrice": 4.99, "unit": "stk", "qty": 12 }
  },
  {
    "title": "Roser Hvit",
    "subtitle": "50 cm, 10 stk",
    "category": { "sub": "Roser", "parent": "Blomster og planter" },
    "price": { "price": 109, "unitPrice": 10.9, "unit": "stk", "qty": 10 }
  },
  {
    "title": "‘Nightingale’ Lilla",
    "subtitle": "50 cm, 10 stk",
    "category": { "sub": "Roser", "parent": "Blomster og planter" },
    "price": { "price": 109.9, "unitPrice": 10.99, "unit": "stk", "qty": 10 }
  },
  {
    "title": "Roser Belle Rose",
    "subtitle": "50 cm, 10 stk",
    "category": { "sub": "Roser", "parent": "Blomster og planter" },
    "price": { "price": 109, "unitPrice": 10.9, "unit": "stk", "qty": 10 }
  },
  {
    "title": "Roser Rød",
    "subtitle": "50 cm, 10 stk",
    "category": { "sub": "Roser", "parent": "Blomster og planter" },
    "price": { "price": 109.9, "unitPrice": 10.99, "unit": "stk", "qty": 10 }
  },
  {
    "title": "Alstromeria Hvit",
    "subtitle": "45 cm, 8 stk",
    "category": { "sub": "Snittblomster", "parent": "Blomster og planter" },
    "price": { "price": 62.3, "unitPrice": 7.79, "unit": "stk", "qty": 8 }
  },
  {
    "title": "Eucalyptus",
    "subtitle": "45cm, 8 stk",
    "category": { "sub": "Snittblomster", "parent": "Blomster og planter" },
    "price": { "price": 62.3, "unitPrice": 7.79, "unit": "stk", "qty": 8 }
  },
  {
    "title": "Liljer Hvit",
    "subtitle": "45 cm, 3 stk",
    "category": { "sub": "Snittblomster", "parent": "Blomster og planter" },
    "price": { "price": 84.9, "unitPrice": 28.3, "unit": "stk", "qty": 3 }
  },
  {
    "title": "Alstromeria Rosa",
    "subtitle": "45 cm, 8 stk",
    "category": { "sub": "Snittblomster", "parent": "Blomster og planter" },
    "price": { "price": 62.3, "unitPrice": 7.79, "unit": "stk", "qty": 8 }
  },
  {
    "title": "Grennellik i forskjellige farger",
    "subtitle": "Ca 30 blomster og 8 stilker",
    "category": { "sub": "Snittblomster", "parent": "Blomster og planter" },
    "price": { "price": 62.3, "unitPrice": 62.3, "unit": "stk", "qty": 1 }
  },
  {
    "title": "Grøntmix Bukett",
    "subtitle": "Lederløv, Eucalyptus og Brudeslør (45 cm), 1 stk",
    "category": { "sub": "Snittblomster", "parent": "Blomster og planter" },
    "price": { "price": 62.3, "unitPrice": 62.3, "unit": "stk", "qty": 1 }
  },
  {
    "title": "Ruscus",
    "subtitle": "50cm, 1 stk",
    "category": { "sub": "Snittblomster", "parent": "Blomster og planter" },
    "price": { "price": 59.9, "unitPrice": 59.9, "unit": "stk", "qty": 1 }
  },
  {
    "title": "Krysantemum Mix",
    "subtitle": "45 cm, 6 stk",
    "category": { "sub": "Snittblomster", "parent": "Blomster og planter" },
    "price": { "price": 84.9, "unitPrice": 14.15, "unit": "stk", "qty": 6 }
  },
  {
    "title": "Gummifiken",
    "subtitle": "20-40 cm høy. 12 cm potte, 1 stk",
    "category": { "sub": "Grønne planter", "parent": "Blomster og planter" },
    "price": { "price": 79.9, "unitPrice": 79.9, "unit": "stk", "qty": 1 }
  },
  {
    "title": "Zamioculas",
    "subtitle": "20-40 cm høy. 12 cm potte, 1 stk",
    "category": { "sub": "Grønne planter", "parent": "Blomster og planter" },
    "price": { "price": 79.9, "unitPrice": 79.9, "unit": "stk", "qty": 1 }
  },
  {
    "title": "Bambus Monica",
    "subtitle": "30-40cm høy, 1 stk",
    "category": { "sub": "Grønne planter", "parent": "Blomster og planter" },
    "price": { "price": 79.9, "unitPrice": 79.9, "unit": "stk", "qty": 1 }
  },
  {
    "title": "Fredslilje",
    "subtitle": "20-40 cm høy. 12 cm potte, 1 stk",
    "category": { "sub": "Grønne planter", "parent": "Blomster og planter" },
    "price": { "price": 79.9, "unitPrice": 79.9, "unit": "stk", "qty": 1 }
  },
  {
    "title": "Dracaena 40cm",
    "subtitle": "30-40cm høy, 1 stk",
    "category": { "sub": "Grønne planter", "parent": "Blomster og planter" },
    "price": { "price": 79.9, "unitPrice": 79.9, "unit": "stk", "qty": 1 }
  },
  {
    "title": "Aloe Vera",
    "subtitle": "30cm, 1 stk",
    "category": { "sub": "Grønne planter", "parent": "Blomster og planter" },
    "price": { "price": 129, "unitPrice": 129, "unit": "stk", "qty": 1 }
  },
  {
    "title": "Anthurium 'Mont Blanc'",
    "subtitle": "Hvit 40cm, 1 stk",
    "category": { "sub": "Grønne planter", "parent": "Blomster og planter" },
    "price": { "price": 129, "unitPrice": 129, "unit": "stk", "qty": 1 }
  },
  {
    "title": "Monstera",
    "subtitle": "45cm, 1 stk",
    "category": { "sub": "Grønne planter", "parent": "Blomster og planter" },
    "price": { "price": 129, "unitPrice": 129, "unit": "stk", "qty": 1 }
  },
  {
    "title": "Sansevieria 'Svigermors Tunge'",
    "subtitle": "40cm, 1 stk",
    "category": { "sub": "Grønne planter", "parent": "Blomster og planter" },
    "price": { "price": 129, "unitPrice": 129, "unit": "stk", "qty": 1 }
  },
  {
    "title": "Vannplante og Glassvase Clusia Princess",
    "subtitle": "25cm, 1 stk",
    "category": {
      "sub": "Godt for inneklima Ny!",
      "parent": "Blomster og planter"
    },
    "price": { "price": 224, "unitPrice": 224, "unit": "stk", "qty": 1 }
  },
  {
    "title": "Vase Konisk 26cm",
    "subtitle": "1 stk",
    "category": { "sub": "Potter og Vaser", "parent": "Blomster og planter" },
    "price": { "price": 124, "unitPrice": 124, "unit": "stk", "qty": 1 }
  },
  {
    "title": "Vase Rund 20cm",
    "subtitle": "1 stk",
    "category": { "sub": "Potter og Vaser", "parent": "Blomster og planter" },
    "price": { "price": 99.9, "unitPrice": 99.9, "unit": "stk", "qty": 1 }
  },
  {
    "title": "Vase Sylinder 25cm",
    "subtitle": "1 stk",
    "category": { "sub": "Potter og Vaser", "parent": "Blomster og planter" },
    "price": { "price": 124, "unitPrice": 124, "unit": "stk", "qty": 1 }
  },
  {
    "title": "Potte Hvit Ø 13cm",
    "subtitle": "1 stk",
    "category": { "sub": "Potter og Vaser", "parent": "Blomster og planter" },
    "price": { "price": 57.1, "unitPrice": 57.1, "unit": "stk", "qty": 1 }
  },
  {
    "title": "Potte Olivengrønn Matt Ø 12cm",
    "subtitle": "1 stk",
    "category": { "sub": "Potter og Vaser", "parent": "Blomster og planter" },
    "price": { "price": 57.1, "unitPrice": 57.1, "unit": "stk", "qty": 1 }
  },
  {
    "title": "Potte Sølvgrå Ø 12cm",
    "subtitle": "1 stk",
    "category": { "sub": "Potter og Vaser", "parent": "Blomster og planter" },
    "price": { "price": 57.1, "unitPrice": 57.1, "unit": "stk", "qty": 1 }
  },
  {
    "title": "Fine Rundstykker",
    "subtitle": "4 stk",
    "category": { "sub": "Ferske brød", "parent": "Brød og frokostblandinger" },
    "price": { "price": 32.9, "unitPrice": 65.8, "unit": "kg", "qty": 0.5 }
  },
  {
    "title": "Focaccia",
    "subtitle": "Med Oliven, 500 g",
    "category": { "sub": "Ferske brød", "parent": "Brød og frokostblandinger" },
    "price": { "price": 49.9, "unitPrice": 99.8, "unit": "kg", "qty": 0.5 }
  },
  {
    "title": "Fransk Surdeigsbrød",
    "subtitle": "1 stk",
    "category": { "sub": "Ferske brød", "parent": "Brød og frokostblandinger" },
    "price": { "price": 49.9, "unitPrice": 71.29, "unit": "kg", "qty": 0.7 }
  },
  {
    "title": "Nybakt Økologisk Speltbrød",
    "subtitle": "1 stk",
    "category": { "sub": "Ferske brød", "parent": "Brød og frokostblandinger" },
    "price": { "price": 59.9, "unitPrice": 77.79, "unit": "kg", "qty": 0.77 }
  },
  {
    "title": "7-kornbrød",
    "subtitle": "1 stk",
    "category": { "sub": "Ferske brød", "parent": "Brød og frokostblandinger" },
    "price": { "price": 42.5, "unitPrice": 60.71, "unit": "kg", "qty": 0.7 }
  },
  {
    "title": "Solsikkebrød",
    "subtitle": "Ferskt, 1 stk",
    "category": { "sub": "Ferske brød", "parent": "Brød og frokostblandinger" },
    "price": { "price": 41.4, "unitPrice": 53.77, "unit": "kg", "qty": 0.77 }
  },
  {
    "title": "Ferskt Gulrotbrød",
    "subtitle": "1 stk",
    "category": { "sub": "Ferske brød", "parent": "Brød og frokostblandinger" },
    "price": { "price": 39.9, "unitPrice": 66.5, "unit": "kg", "qty": 0.6 }
  },
  {
    "title": "Steinovnsbakt Brød",
    "subtitle": "1 stk",
    "category": { "sub": "Ferske brød", "parent": "Brød og frokostblandinger" },
    "price": { "price": 32.9, "unitPrice": 54.83, "unit": "kg", "qty": 0.6 }
  },
  {
    "title": "Formbakt Grovbrød",
    "subtitle": "1 stk",
    "category": { "sub": "Ferske brød", "parent": "Brød og frokostblandinger" },
    "price": { "price": 35.2, "unitPrice": 45.71, "unit": "kg", "qty": 0.77 }
  },
  {
    "title": "Havrebrød",
    "subtitle": "Ferskt, 1 stk",
    "category": { "sub": "Ferske brød", "parent": "Brød og frokostblandinger" },
    "price": { "price": 32.1, "unitPrice": 41.69, "unit": "kg", "qty": 0.77 }
  },
  {
    "title": "Dansk Rugbrød",
    "subtitle": "1 stk",
    "category": { "sub": "Ferske brød", "parent": "Brød og frokostblandinger" },
    "price": { "price": 40.9, "unitPrice": 51.13, "unit": "kg", "qty": 0.8 }
  },
  {
    "title": "Muslibrød",
    "subtitle": "1 stk",
    "category": { "sub": "Ferske brød", "parent": "Brød og frokostblandinger" },
    "price": { "price": 42.9, "unitPrice": 55, "unit": "kg", "qty": 0.78 }
  },
  {
    "title": "Familiebrød",
    "subtitle": "1 stk",
    "category": { "sub": "Ferske brød", "parent": "Brød og frokostblandinger" },
    "price": { "price": 34.1, "unitPrice": 44.29, "unit": "kg", "qty": 0.77 }
  },
  {
    "title": "Steinovnsbakt Loff",
    "subtitle": "550 g",
    "category": { "sub": "Ferske brød", "parent": "Brød og frokostblandinger" },
    "price": { "price": 36.9, "unitPrice": 67.09, "unit": "kg", "qty": 0.55 }
  },
  {
    "title": "Lurebrød",
    "subtitle": "Helt, 1 stk",
    "category": { "sub": "Ferske brød", "parent": "Brød og frokostblandinger" },
    "price": { "price": 31.1, "unitPrice": 40.39, "unit": "kg", "qty": 0.77 }
  },
  {
    "title": "Havrebrød",
    "subtitle": "Oppskåret, 1 stk",
    "category": { "sub": "Ferske brød", "parent": "Brød og frokostblandinger" },
    "price": { "price": 40.3, "unitPrice": 52.34, "unit": "kg", "qty": 0.77 }
  },
  {
    "title": "Formbakt Grovbrød",
    "subtitle": "Oppskåret, 1 stk",
    "category": { "sub": "Ferske brød", "parent": "Brød og frokostblandinger" },
    "price": { "price": 42.5, "unitPrice": 55.19, "unit": "kg", "qty": 0.77 }
  },
  {
    "title": "Grov Kneipp",
    "subtitle": "Oppskåret, 1 stk",
    "category": { "sub": "Ferske brød", "parent": "Brød og frokostblandinger" },
    "price": { "price": 24.9, "unitPrice": 37.16, "unit": "kg", "qty": 0.67 }
  },
  {
    "title": "Steinovnsbakt brød",
    "subtitle": "Oppskåret, 1 stk",
    "category": { "sub": "Ferske brød", "parent": "Brød og frokostblandinger" },
    "price": { "price": 37.3, "unitPrice": 62.17, "unit": "kg", "qty": 0.6 }
  },
  {
    "title": "Solsikkebrød",
    "subtitle": "Oppskåret, 1 stk",
    "category": { "sub": "Ferske brød", "parent": "Brød og frokostblandinger" },
    "price": { "price": 47.6, "unitPrice": 61.82, "unit": "kg", "qty": 0.77 }
  },
  {
    "title": "Familiebrød",
    "subtitle": "Oppskåret, 1 stk",
    "category": { "sub": "Ferske brød", "parent": "Brød og frokostblandinger" },
    "price": { "price": 41.4, "unitPrice": 53.77, "unit": "kg", "qty": 0.77 }
  },
  {
    "title": "Lurebrød",
    "subtitle": "Oppskåret, 1 stk",
    "category": { "sub": "Ferske brød", "parent": "Brød og frokostblandinger" },
    "price": { "price": 37.3, "unitPrice": 48.44, "unit": "kg", "qty": 0.77 }
  },
  {
    "title": "Campaillou, Fransk Landbrød",
    "subtitle": "Steinovnsbakt, 1,5 kg",
    "category": { "sub": "Ferske brød", "parent": "Brød og frokostblandinger" },
    "price": { "price": 79.9, "unitPrice": 53.27, "unit": "kg", "qty": 1.5 }
  },
  {
    "title": "Tyrolerbrød",
    "subtitle": "Steinovnsbakt, 1 stk",
    "category": { "sub": "Ferske brød", "parent": "Brød og frokostblandinger" },
    "price": { "price": 43.9, "unitPrice": 58.53, "unit": "kg", "qty": 0.75 }
  },
  {
    "title": "Loff",
    "subtitle": "Vår laveste pris, 630 g",
    "category": { "sub": "Ferske brød", "parent": "Brød og frokostblandinger" },
    "price": { "price": 7.9, "unitPrice": 12.54, "unit": "kg", "qty": 0.63 }
  },
  {
    "title": "Grov Kneipp",
    "subtitle": "1 stk",
    "category": { "sub": "Ferske brød", "parent": "Brød og frokostblandinger" },
    "price": { "price": 7.9, "unitPrice": 11.79, "unit": "kg", "qty": 0.67 }
  },
  {
    "title": "Croissant",
    "subtitle": "4 stk",
    "category": {
      "sub": "Fersk småbakst",
      "parent": "Brød og frokostblandinger"
    },
    "price": { "price": 59.9, "unitPrice": 166.39, "unit": "kg", "qty": 0.36 }
  },
  {
    "title": "Croissant",
    "subtitle": "2 stk",
    "category": {
      "sub": "Fersk småbakst",
      "parent": "Brød og frokostblandinger"
    },
    "price": { "price": 39.9, "unitPrice": 221.67, "unit": "kg", "qty": 0.18 }
  },
  {
    "title": "Ferske Hveteboller",
    "subtitle": "4 stk",
    "category": {
      "sub": "Fersk småbakst",
      "parent": "Brød og frokostblandinger"
    },
    "price": { "price": 59.9, "unitPrice": 110.93, "unit": "kg", "qty": 0.54 }
  },
  {
    "title": "Ferske Kanelsnurrer",
    "subtitle": "2 stk",
    "category": {
      "sub": "Fersk småbakst",
      "parent": "Brød og frokostblandinger"
    },
    "price": { "price": 49.9, "unitPrice": 172.07, "unit": "kg", "qty": 0.29 }
  },
  {
    "title": "Ferske Kanelsnurrer",
    "subtitle": "4 stk",
    "category": {
      "sub": "Fersk småbakst",
      "parent": "Brød og frokostblandinger"
    },
    "price": { "price": 69.9, "unitPrice": 120.52, "unit": "kg", "qty": 0.58 }
  },
  {
    "title": "Ferske Boller med Sjokolade",
    "subtitle": "4 stk",
    "category": {
      "sub": "Fersk småbakst",
      "parent": "Brød og frokostblandinger"
    },
    "price": { "price": 59.9, "unitPrice": 110.93, "unit": "kg", "qty": 0.54 }
  },
  {
    "title": "Fersk Fin Baguette",
    "subtitle": "350 g",
    "category": {
      "sub": "Fersk småbakst",
      "parent": "Brød og frokostblandinger"
    },
    "price": { "price": 29.9, "unitPrice": 85.43, "unit": "kg", "qty": 0.35 }
  },
  {
    "title": "Fersk Baguette Med Frø",
    "subtitle": "1 stk",
    "category": {
      "sub": "Fersk småbakst",
      "parent": "Brød og frokostblandinger"
    },
    "price": { "price": 29.9, "unitPrice": 85.43, "unit": "kg", "qty": 0.35 }
  },
  {
    "title": "Fine Rundstykker",
    "subtitle": "4 stk",
    "category": {
      "sub": "Fersk småbakst",
      "parent": "Brød og frokostblandinger"
    },
    "price": { "price": 32.9, "unitPrice": 65.8, "unit": "kg", "qty": 0.5 }
  },
  {
    "title": "Grove Scones",
    "subtitle": "4 stk",
    "category": {
      "sub": "Fersk småbakst",
      "parent": "Brød og frokostblandinger"
    },
    "price": { "price": 69.9, "unitPrice": 116.5, "unit": "kg", "qty": 0.6 }
  },
  {
    "title": "Kornrundstykker",
    "subtitle": "4 stk",
    "category": {
      "sub": "Fersk småbakst",
      "parent": "Brød og frokostblandinger"
    },
    "price": { "price": 39.9, "unitPrice": 79.8, "unit": "kg", "qty": 0.5 }
  },
  {
    "title": "Rosinboller",
    "subtitle": "4 stk",
    "category": {
      "sub": "Fersk småbakst",
      "parent": "Brød og frokostblandinger"
    },
    "price": { "price": 49.9, "unitPrice": 92.41, "unit": "kg", "qty": 0.54 }
  },
  {
    "title": "Rundstykker Grove",
    "subtitle": "6x50g, 300 g",
    "category": {
      "sub": "Langtidsholdbare brød",
      "parent": "Brød og frokostblandinger"
    },
    "price": { "price": 12.8, "unitPrice": 42.67, "unit": "kg", "qty": 0.3 }
  },
  {
    "title": "Grova",
    "subtitle": "Glutenfri, 500 g",
    "category": {
      "sub": "Langtidsholdbare brød",
      "parent": "Brød og frokostblandinger"
    },
    "price": { "price": 60.6, "unitPrice": 121.2, "unit": "kg", "qty": 0.5 }
  },
  {
    "title": "KjerneGodt",
    "subtitle": "700 g",
    "category": {
      "sub": "Langtidsholdbare brød",
      "parent": "Brød og frokostblandinger"
    },
    "price": { "price": 37, "unitPrice": 52.86, "unit": "kg", "qty": 0.7 }
  },
  {
    "title": "Rasker",
    "subtitle": "1100 g",
    "category": {
      "sub": "Langtidsholdbare brød",
      "parent": "Brød og frokostblandinger"
    },
    "price": { "price": 46.5, "unitPrice": 42.27, "unit": "kg", "qty": 1.1 }
  },
  {
    "title": "Energibrød",
    "subtitle": "700 g",
    "category": {
      "sub": "Langtidsholdbare brød",
      "parent": "Brød og frokostblandinger"
    },
    "price": { "price": 36.3, "unitPrice": 51.86, "unit": "kg", "qty": 0.7 }
  },
  {
    "title": "Fullkorn Polarkompis",
    "subtitle": "16 Stk, 600 g",
    "category": {
      "sub": "Langtidsholdbare brød",
      "parent": "Brød og frokostblandinger"
    },
    "price": { "price": 48.8, "unitPrice": 81.33, "unit": "kg", "qty": 0.6 }
  },
  {
    "title": "Havre Polarbrød",
    "subtitle": "16 Stk, 600 g",
    "category": {
      "sub": "Langtidsholdbare brød",
      "parent": "Brød og frokostblandinger"
    },
    "price": { "price": 43.6, "unitPrice": 72.67, "unit": "kg", "qty": 0.6 }
  },
  {
    "title": "Jättefranska",
    "subtitle": "1100 g",
    "category": {
      "sub": "Langtidsholdbare brød",
      "parent": "Brød og frokostblandinger"
    },
    "price": { "price": 49.4, "unitPrice": 44.91, "unit": "kg", "qty": 1.1 }
  },
  {
    "title": "Lantgodabrød",
    "subtitle": "650 g",
    "category": {
      "sub": "Langtidsholdbare brød",
      "parent": "Brød og frokostblandinger"
    },
    "price": { "price": 39.8, "unitPrice": 61.23, "unit": "kg", "qty": 0.65 }
  },
  {
    "title": "Lingongrova",
    "subtitle": "500 g",
    "category": {
      "sub": "Langtidsholdbare brød",
      "parent": "Brød og frokostblandinger"
    },
    "price": { "price": 44.2, "unitPrice": 88.4, "unit": "kg", "qty": 0.5 }
  },
  {
    "title": "Rosta",
    "subtitle": "450 g",
    "category": {
      "sub": "Langtidsholdbare brød",
      "parent": "Brød og frokostblandinger"
    },
    "price": { "price": 28, "unitPrice": 62.22, "unit": "kg", "qty": 0.45 }
  },
  {
    "title": "Rugbrød i Skiver",
    "subtitle": "500 g",
    "category": {
      "sub": "Langtidsholdbare brød",
      "parent": "Brød og frokostblandinger"
    },
    "price": { "price": 28.4, "unitPrice": 56.8, "unit": "kg", "qty": 0.5 }
  },
  {
    "title": "Proteinbrød",
    "subtitle": "250 g",
    "category": {
      "sub": "Langtidsholdbare brød",
      "parent": "Brød og frokostblandinger"
    },
    "price": { "price": 52.2, "unitPrice": 208.8, "unit": "kg", "qty": 0.25 }
  },
  {
    "title": "Pumpernickel",
    "subtitle": "Økologisk, 250 g",
    "category": {
      "sub": "Langtidsholdbare brød",
      "parent": "Brød og frokostblandinger"
    },
    "price": { "price": 51.3, "unitPrice": 205.2, "unit": "kg", "qty": 0.25 }
  },
  {
    "title": "Rugbrød",
    "subtitle": "500 g",
    "category": {
      "sub": "Langtidsholdbare brød",
      "parent": "Brød og frokostblandinger"
    },
    "price": { "price": 19.1, "unitPrice": 38.2, "unit": "kg", "qty": 0.5 }
  },
  {
    "title": "Naan Bread",
    "subtitle": "260 g",
    "category": {
      "sub": "Langtidsholdbare brød",
      "parent": "Brød og frokostblandinger"
    },
    "price": { "price": 29.7, "unitPrice": 114.23, "unit": "kg", "qty": 0.26 }
  },
  {
    "title": "Naan Bread Garlic",
    "subtitle": "260 g",
    "category": {
      "sub": "Langtidsholdbare brød",
      "parent": "Brød og frokostblandinger"
    },
    "price": { "price": 28.4, "unitPrice": 109.23, "unit": "kg", "qty": 0.26 }
  },
  {
    "title": "Nirus Håndlagde Nan",
    "subtitle": "260 g",
    "category": {
      "sub": "Langtidsholdbare brød",
      "parent": "Brød og frokostblandinger"
    },
    "price": { "price": 36.8, "unitPrice": 141.54, "unit": "kg", "qty": 0.26 }
  },
  {
    "title": "Nirus Håndlagde Hvitløksnan",
    "subtitle": "260 g",
    "category": {
      "sub": "Langtidsholdbare brød",
      "parent": "Brød og frokostblandinger"
    },
    "price": { "price": 38.9, "unitPrice": 149.62, "unit": "kg", "qty": 0.26 }
  },
  {
    "title": "Naanbrød Original Mini",
    "subtitle": "4 stk, 240 g",
    "category": {
      "sub": "Langtidsholdbare brød",
      "parent": "Brød og frokostblandinger"
    },
    "price": { "price": 33.1, "unitPrice": 137.92, "unit": "kg", "qty": 0.24 }
  },
  {
    "title": "Naanbrød Mini med Hvitløk & Koriander",
    "subtitle": "4 stk, 240 g",
    "category": {
      "sub": "Langtidsholdbare brød",
      "parent": "Brød og frokostblandinger"
    },
    "price": { "price": 33.1, "unitPrice": 137.92, "unit": "kg", "qty": 0.24 }
  },
  {
    "title": "Minibaguetter Fine",
    "subtitle": "8x75g, 600 g",
    "category": {
      "sub": "Langtidsholdbare brød",
      "parent": "Brød og frokostblandinger"
    },
    "price": { "price": 27.3, "unitPrice": 45.5, "unit": "kg", "qty": 0.6 }
  },
  {
    "title": "Minibaguetter Grove",
    "subtitle": "8x75g, 600 g",
    "category": {
      "sub": "Langtidsholdbare brød",
      "parent": "Brød og frokostblandinger"
    },
    "price": { "price": 26.3, "unitPrice": 43.83, "unit": "kg", "qty": 0.6 }
  },
  {
    "title": "Rundstykker Fine",
    "subtitle": "6 x 50g, 300 g",
    "category": {
      "sub": "Langtidsholdbare brød",
      "parent": "Brød og frokostblandinger"
    },
    "price": { "price": 12.9, "unitPrice": 43, "unit": "kg", "qty": 0.3 }
  },
  {
    "title": "Ciabatta 4pk",
    "subtitle": "250 g",
    "category": {
      "sub": "Langtidsholdbare brød",
      "parent": "Brød og frokostblandinger"
    },
    "price": { "price": 16.9, "unitPrice": 67.6, "unit": "kg", "qty": 0.25 }
  },
  {
    "title": "Baguette Fin Steinovnsbakt",
    "subtitle": "250 g",
    "category": {
      "sub": "Langtidsholdbare brød",
      "parent": "Brød og frokostblandinger"
    },
    "price": { "price": 16.8, "unitPrice": 67.2, "unit": "kg", "qty": 0.25 }
  },
  {
    "title": "Ciabatta Grove",
    "subtitle": "4 stk",
    "category": {
      "sub": "Langtidsholdbare brød",
      "parent": "Brød og frokostblandinger"
    },
    "price": { "price": 26.5, "unitPrice": 6.63, "unit": "stk", "qty": 4 }
  },
  {
    "title": "Baguette Grov Steinovnsbakt",
    "subtitle": "250 g",
    "category": {
      "sub": "Langtidsholdbare brød",
      "parent": "Brød og frokostblandinger"
    },
    "price": { "price": 31.8, "unitPrice": 127.2, "unit": "kg", "qty": 0.25 }
  },
  {
    "title": "Steinovnsbakte Flerkornsbaguetter",
    "subtitle": "250 g",
    "category": {
      "sub": "Langtidsholdbare brød",
      "parent": "Brød og frokostblandinger"
    },
    "price": { "price": 33.1, "unitPrice": 132.4, "unit": "kg", "qty": 0.25 }
  },
  {
    "title": "Baguetter Fine",
    "subtitle": "300 g",
    "category": {
      "sub": "Langtidsholdbare brød",
      "parent": "Brød og frokostblandinger"
    },
    "price": { "price": 14.2, "unitPrice": 47.33, "unit": "kg", "qty": 0.3 }
  },
  {
    "title": "Baguetter Grove",
    "subtitle": "300 g",
    "category": {
      "sub": "Langtidsholdbare brød",
      "parent": "Brød og frokostblandinger"
    },
    "price": { "price": 15, "unitPrice": 50, "unit": "kg", "qty": 0.3 }
  },
  {
    "title": "Grovbrød, Lettstekt",
    "subtitle": "750 g",
    "category": {
      "sub": "Langtidsholdbare brød",
      "parent": "Brød og frokostblandinger"
    },
    "price": { "price": 29.9, "unitPrice": 39.87, "unit": "kg", "qty": 0.75 }
  },
  {
    "title": "Frøloff, Lettstekt",
    "subtitle": "670 g",
    "category": {
      "sub": "Langtidsholdbare brød",
      "parent": "Brød og frokostblandinger"
    },
    "price": { "price": 32.4, "unitPrice": 48.36, "unit": "kg", "qty": 0.67 }
  },
  {
    "title": "Fiberbrød",
    "subtitle": "Glutenfri, 500 g",
    "category": {
      "sub": "Langtidsholdbare brød",
      "parent": "Brød og frokostblandinger"
    },
    "price": { "price": 72.9, "unitPrice": 145.8, "unit": "kg", "qty": 0.5 }
  },
  {
    "title": "Glutenfri Havrebrød",
    "subtitle": "500 g",
    "category": {
      "sub": "Langtidsholdbare brød",
      "parent": "Brød og frokostblandinger"
    },
    "price": { "price": 49.8, "unitPrice": 99.6, "unit": "kg", "qty": 0.5 }
  },
  {
    "title": "Glutenfri Kornbrød",
    "subtitle": "500 g",
    "category": {
      "sub": "Langtidsholdbare brød",
      "parent": "Brød og frokostblandinger"
    },
    "price": { "price": 40, "unitPrice": 80, "unit": "kg", "qty": 0.5 }
  },
  {
    "title": "Glutenfri Fiberbrød",
    "subtitle": "600 g",
    "category": {
      "sub": "Langtidsholdbare brød",
      "parent": "Brød og frokostblandinger"
    },
    "price": { "price": 56.9, "unitPrice": 94.83, "unit": "kg", "qty": 0.6 }
  },
  {
    "title": "Loff",
    "subtitle": "Glutenfri, 500 g",
    "category": {
      "sub": "Langtidsholdbare brød",
      "parent": "Brød og frokostblandinger"
    },
    "price": { "price": 40.5, "unitPrice": 81, "unit": "kg", "qty": 0.5 }
  },
  {
    "title": "Brød Toasty Fiber",
    "subtitle": "Glutenfri, 400 g",
    "category": {
      "sub": "Langtidsholdbare brød",
      "parent": "Brød og frokostblandinger"
    },
    "price": { "price": 52.4, "unitPrice": 131, "unit": "kg", "qty": 0.4 }
  },
  {
    "title": "Grovbrød Xl",
    "subtitle": "Glutenfri, 450 g",
    "category": {
      "sub": "Langtidsholdbare brød",
      "parent": "Brød og frokostblandinger"
    },
    "price": { "price": 53.6, "unitPrice": 119.11, "unit": "kg", "qty": 0.45 }
  },
  {
    "title": "Flerkornbrød",
    "subtitle": "Glutenfri, 300 g",
    "category": {
      "sub": "Langtidsholdbare brød",
      "parent": "Brød og frokostblandinger"
    },
    "price": { "price": 43.8, "unitPrice": 146, "unit": "kg", "qty": 0.3 }
  },
  {
    "title": "Ciabatta",
    "subtitle": "Glutenfri, 200 g",
    "category": {
      "sub": "Langtidsholdbare brød",
      "parent": "Brød og frokostblandinger"
    },
    "price": { "price": 30.9, "unitPrice": 154.5, "unit": "kg", "qty": 0.2 }
  },
  {
    "title": "Ciabatta Rustica",
    "subtitle": "Glutenfri, 200 g",
    "category": {
      "sub": "Langtidsholdbare brød",
      "parent": "Brød og frokostblandinger"
    },
    "price": { "price": 29.8, "unitPrice": 149, "unit": "kg", "qty": 0.2 }
  },
  {
    "title": "Minibaguetter",
    "subtitle": "Glutenfri, 300 g",
    "category": {
      "sub": "Langtidsholdbare brød",
      "parent": "Brød og frokostblandinger"
    },
    "price": { "price": 52.4, "unitPrice": 174.67, "unit": "kg", "qty": 0.3 }
  },
  {
    "title": "Focaccia med Rosmarin",
    "subtitle": "Glutenfri, 200 g",
    "category": {
      "sub": "Langtidsholdbare brød",
      "parent": "Brød og frokostblandinger"
    },
    "price": { "price": 49.4, "unitPrice": 16.47, "unit": "stk", "qty": 3 }
  },
  {
    "title": "Fiberbaguetter",
    "subtitle": "Glutenfri, 300 g",
    "category": {
      "sub": "Langtidsholdbare brød",
      "parent": "Brød og frokostblandinger"
    },
    "price": { "price": 59.8, "unitPrice": 199.33, "unit": "kg", "qty": 0.3 }
  },
  {
    "title": "Landbrød Glutenfri",
    "subtitle": "300 g",
    "category": {
      "sub": "Langtidsholdbare brød",
      "parent": "Brød og frokostblandinger"
    },
    "price": { "price": 54.2, "unitPrice": 180.67, "unit": "kg", "qty": 0.3 }
  },
  {
    "title": "Flerkornbrød",
    "subtitle": "Glutenfri, 400 g",
    "category": {
      "sub": "Langtidsholdbare brød",
      "parent": "Brød og frokostblandinger"
    },
    "price": { "price": 59.8, "unitPrice": 149.5, "unit": "kg", "qty": 0.4 }
  },
  {
    "title": "Solsikkebrød Glutenfri",
    "subtitle": "Økologisk, 250 g",
    "category": {
      "sub": "Langtidsholdbare brød",
      "parent": "Brød og frokostblandinger"
    },
    "price": { "price": 41.9, "unitPrice": 167.6, "unit": "kg", "qty": 0.25 }
  },
  {
    "title": "Chia Brød",
    "subtitle": "Skåret, Glutenfri, Fryst, 500 g",
    "category": {
      "sub": "Langtidsholdbare brød",
      "parent": "Brød og frokostblandinger"
    },
    "price": { "price": 52.8, "unitPrice": 105.6, "unit": "kg", "qty": 0.5 }
  },
  {
    "title": "Spire Brød",
    "subtitle": "Skåret, Glutenfri, Fryst, 500 g",
    "category": {
      "sub": "Langtidsholdbare brød",
      "parent": "Brød og frokostblandinger"
    },
    "price": { "price": 47.4, "unitPrice": 94.8, "unit": "kg", "qty": 0.5 }
  },
  {
    "title": "Rå Rotti brød",
    "subtitle": "25 stk, 1,6 kg",
    "category": {
      "sub": "Langtidsholdbare brød",
      "parent": "Brød og frokostblandinger"
    },
    "price": { "price": 76.4, "unitPrice": 47.75, "unit": "kg", "qty": 1.6 }
  },
  {
    "title": "Ferdigbakt Grovbrød m Frø Glutenfri",
    "subtitle": "300 g",
    "category": {
      "sub": "Langtidsholdbare brød",
      "parent": "Brød og frokostblandinger"
    },
    "price": { "price": 36.4, "unitPrice": 121.33, "unit": "kg", "qty": 0.3 }
  },
  {
    "title": "Ferdigbakt Lyse Baguetter Glutenfri",
    "subtitle": "225 g",
    "category": {
      "sub": "Langtidsholdbare brød",
      "parent": "Brød og frokostblandinger"
    },
    "price": { "price": 32.8, "unitPrice": 145.78, "unit": "kg", "qty": 0.22 }
  },
  {
    "title": "Fiberbaguette Glutenfri",
    "subtitle": "3x75g, 225 g",
    "category": {
      "sub": "Langtidsholdbare brød",
      "parent": "Brød og frokostblandinger"
    },
    "price": { "price": 34.9, "unitPrice": 155.11, "unit": "kg", "qty": 0.23 }
  },
  {
    "title": "Croissant",
    "subtitle": "6 stk, 360 g",
    "category": {
      "sub": "Frosne brød og rundstykker",
      "parent": "Brød og frokostblandinger"
    },
    "price": { "price": 32.6, "unitPrice": 90.56, "unit": "kg", "qty": 0.36 }
  },
  {
    "title": "Pitabrød",
    "subtitle": "Fine, 6stk, 480 g",
    "category": {
      "sub": "Frosne brød og rundstykker",
      "parent": "Brød og frokostblandinger"
    },
    "price": { "price": 27.4, "unitPrice": 57.08, "unit": "kg", "qty": 0.48 }
  },
  {
    "title": "Mini Pizzabunn",
    "subtitle": "6 stk, 390 g",
    "category": {
      "sub": "Frosne brød og rundstykker",
      "parent": "Brød og frokostblandinger"
    },
    "price": { "price": 44, "unitPrice": 112.82, "unit": "kg", "qty": 0.39 }
  },
  {
    "title": "Grove Rundstykker",
    "subtitle": "10stk, 600 g",
    "category": {
      "sub": "Frosne brød og rundstykker",
      "parent": "Brød og frokostblandinger"
    },
    "price": { "price": 29.7, "unitPrice": 49.5, "unit": "kg", "qty": 0.6 }
  },
  {
    "title": "Danske Rundstykker",
    "subtitle": "10 stk, 500 g",
    "category": {
      "sub": "Frosne brød og rundstykker",
      "parent": "Brød og frokostblandinger"
    },
    "price": { "price": 36, "unitPrice": 72, "unit": "kg", "qty": 0.5 }
  },
  {
    "title": "Glutenfrie Pitabrød",
    "subtitle": "2 stk, 230 g",
    "category": {
      "sub": "Frosne brød og rundstykker",
      "parent": "Brød og frokostblandinger"
    },
    "price": { "price": 52.4, "unitPrice": 227.83, "unit": "kg", "qty": 0.23 }
  },
  {
    "title": "Glutenfrie Rundstykker",
    "subtitle": "4 stk, 260 g",
    "category": {
      "sub": "Frosne brød og rundstykker",
      "parent": "Brød og frokostblandinger"
    },
    "price": { "price": 61.9, "unitPrice": 238.08, "unit": "kg", "qty": 0.26 }
  },
  {
    "title": "Glutenfrie Havrestykker",
    "subtitle": "320 g",
    "category": {
      "sub": "Frosne brød og rundstykker",
      "parent": "Brød og frokostblandinger"
    },
    "price": { "price": 69.4, "unitPrice": 216.88, "unit": "kg", "qty": 0.32 }
  },
  {
    "title": "Glutenfrie Fiberrundstykker",
    "subtitle": "4 stk, 420 g",
    "category": {
      "sub": "Frosne brød og rundstykker",
      "parent": "Brød og frokostblandinger"
    },
    "price": { "price": 68.4, "unitPrice": 162.86, "unit": "kg", "qty": 0.42 }
  },
  {
    "title": "Hatting Fullkorns Møllehjul",
    "subtitle": "420 g",
    "category": {
      "sub": "Frosne brød og rundstykker",
      "parent": "Brød og frokostblandinger"
    },
    "price": { "price": 39.8, "unitPrice": 94.76, "unit": "kg", "qty": 0.42 }
  },
  {
    "title": "Grove Pitabrød",
    "subtitle": "400 g",
    "category": {
      "sub": "Frosne brød og rundstykker",
      "parent": "Brød og frokostblandinger"
    },
    "price": { "price": 34.4, "unitPrice": 86, "unit": "kg", "qty": 0.4 }
  },
  {
    "title": "Grove Fullkornsstykker",
    "subtitle": "520 g",
    "category": {
      "sub": "Frosne brød og rundstykker",
      "parent": "Brød og frokostblandinger"
    },
    "price": { "price": 44.1, "unitPrice": 84.81, "unit": "kg", "qty": 0.52 }
  },
  {
    "title": "Grønnsakstykker",
    "subtitle": "6 stk, 402 g",
    "category": {
      "sub": "Frosne brød og rundstykker",
      "parent": "Brød og frokostblandinger"
    },
    "price": { "price": 44.8, "unitPrice": 111.44, "unit": "kg", "qty": 0.4 }
  },
  {
    "title": "Solsikkestykker",
    "subtitle": "480 g",
    "category": {
      "sub": "Frosne brød og rundstykker",
      "parent": "Brød og frokostblandinger"
    },
    "price": { "price": 44, "unitPrice": 91.67, "unit": "kg", "qty": 0.48 }
  },
  {
    "title": "Veggen Spelt",
    "subtitle": "7 stk, 420 g",
    "category": {
      "sub": "Frosne brød og rundstykker",
      "parent": "Brød og frokostblandinger"
    },
    "price": { "price": 43.4, "unitPrice": 103.33, "unit": "kg", "qty": 0.42 }
  },
  {
    "title": "Gourmetstykker",
    "subtitle": "7stk, 437,5 g",
    "category": {
      "sub": "Frosne brød og rundstykker",
      "parent": "Brød og frokostblandinger"
    },
    "price": { "price": 41.4, "unitPrice": 94.63, "unit": "kg", "qty": 0.44 }
  },
  {
    "title": "Surdeigstykker",
    "subtitle": "6 stk, 402 g",
    "category": {
      "sub": "Frosne brød og rundstykker",
      "parent": "Brød og frokostblandinger"
    },
    "price": { "price": 49.8, "unitPrice": 123.88, "unit": "kg", "qty": 0.4 }
  },
  {
    "title": "Landbrødstykker",
    "subtitle": "100% surdeig, 5 stk, 450 g",
    "category": {
      "sub": "Frosne brød og rundstykker",
      "parent": "Brød og frokostblandinger"
    },
    "price": { "price": 42.1, "unitPrice": 93.56, "unit": "kg", "qty": 0.45 }
  },
  {
    "title": "Müslirundstykke",
    "subtitle": "5 stk, 450 g",
    "category": {
      "sub": "Frosne brød og rundstykker",
      "parent": "Brød og frokostblandinger"
    },
    "price": { "price": 54.4, "unitPrice": 120.89, "unit": "kg", "qty": 0.45 }
  },
  {
    "title": "Flerkornbriks",
    "subtitle": "7 stk, 420 g",
    "category": {
      "sub": "Frosne brød og rundstykker",
      "parent": "Brød og frokostblandinger"
    },
    "price": { "price": 29.9, "unitPrice": 71.19, "unit": "kg", "qty": 0.42 }
  },
  {
    "title": "Lyse Frøbriks",
    "subtitle": "7 stk, 420 g",
    "category": {
      "sub": "Frosne brød og rundstykker",
      "parent": "Brød og frokostblandinger"
    },
    "price": { "price": 29.9, "unitPrice": 71.19, "unit": "kg", "qty": 0.42 }
  },
  {
    "title": "Frøstykker",
    "subtitle": "Økologisk, 6x70g, 420 g",
    "category": {
      "sub": "Frosne brød og rundstykker",
      "parent": "Brød og frokostblandinger"
    },
    "price": { "price": 39, "unitPrice": 92.86, "unit": "kg", "qty": 0.42 }
  },
  {
    "title": "Bagels",
    "subtitle": "6 stk, 510 g",
    "category": {
      "sub": "Frosne brød og rundstykker",
      "parent": "Brød og frokostblandinger"
    },
    "price": { "price": 51.4, "unitPrice": 100.78, "unit": "kg", "qty": 0.51 }
  },
  {
    "title": "Gourmet Hvitløksbaguetter",
    "subtitle": "2 stk, 350 g",
    "category": {
      "sub": "Frosne brød og rundstykker",
      "parent": "Brød og frokostblandinger"
    },
    "price": { "price": 39.8, "unitPrice": 113.71, "unit": "kg", "qty": 0.35 }
  },
  {
    "title": "Glutenfrie Hamburgerbrød",
    "subtitle": "4 stk, 320 g",
    "category": {
      "sub": "Frosne brød og rundstykker",
      "parent": "Brød og frokostblandinger"
    },
    "price": { "price": 55.8, "unitPrice": 174.38, "unit": "kg", "qty": 0.32 }
  },
  {
    "title": "Glutenfrie Pølsebrød",
    "subtitle": "4 stk, 260 g",
    "category": {
      "sub": "Frosne brød og rundstykker",
      "parent": "Brød og frokostblandinger"
    },
    "price": { "price": 54.4, "unitPrice": 209.23, "unit": "kg", "qty": 0.26 }
  },
  {
    "title": "Fine Baguetter",
    "subtitle": "Glutenfri, 240 g",
    "category": {
      "sub": "Frosne brød og rundstykker",
      "parent": "Brød og frokostblandinger"
    },
    "price": { "price": 64.4, "unitPrice": 268.33, "unit": "kg", "qty": 0.24 }
  },
  {
    "title": "Grove Baguetter",
    "subtitle": "Glutenfri, 280 g",
    "category": {
      "sub": "Frosne brød og rundstykker",
      "parent": "Brød og frokostblandinger"
    },
    "price": { "price": 77.8, "unitPrice": 277.86, "unit": "kg", "qty": 0.28 }
  },
  {
    "title": "Havrerudstykker",
    "subtitle": "Glutenfri, 280 g",
    "category": {
      "sub": "Frosne brød og rundstykker",
      "parent": "Brød og frokostblandinger"
    },
    "price": { "price": 76.8, "unitPrice": 274.29, "unit": "kg", "qty": 0.28 }
  },
  {
    "title": "Rundstykker med Valmuefrø",
    "subtitle": "Glutenfri, 280 g",
    "category": {
      "sub": "Frosne brød og rundstykker",
      "parent": "Brød og frokostblandinger"
    },
    "price": { "price": 61.9, "unitPrice": 221.07, "unit": "kg", "qty": 0.28 }
  },
  {
    "title": "KjerneGodt",
    "subtitle": "700 g",
    "category": {
      "sub": "Frosne brød og rundstykker",
      "parent": "Brød og frokostblandinger"
    },
    "price": { "price": 37, "unitPrice": 52.86, "unit": "kg", "qty": 0.7 }
  },
  {
    "title": "Energibrød",
    "subtitle": "700 g",
    "category": {
      "sub": "Frosne brød og rundstykker",
      "parent": "Brød og frokostblandinger"
    },
    "price": { "price": 36.3, "unitPrice": 51.86, "unit": "kg", "qty": 0.7 }
  },
  {
    "title": "Jättefranska",
    "subtitle": "1100 g",
    "category": {
      "sub": "Frosne brød og rundstykker",
      "parent": "Brød og frokostblandinger"
    },
    "price": { "price": 49.4, "unitPrice": 44.91, "unit": "kg", "qty": 1.1 }
  },
  {
    "title": "Rasker",
    "subtitle": "1100 g",
    "category": {
      "sub": "Frosne brød og rundstykker",
      "parent": "Brød og frokostblandinger"
    },
    "price": { "price": 46.5, "unitPrice": 42.27, "unit": "kg", "qty": 1.1 }
  },
  {
    "title": "Lantgodabrød",
    "subtitle": "650 g",
    "category": {
      "sub": "Frosne brød og rundstykker",
      "parent": "Brød og frokostblandinger"
    },
    "price": { "price": 39.8, "unitPrice": 61.23, "unit": "kg", "qty": 0.65 }
  },
  {
    "title": "Lingongrova",
    "subtitle": "500 g",
    "category": {
      "sub": "Frosne brød og rundstykker",
      "parent": "Brød og frokostblandinger"
    },
    "price": { "price": 44.2, "unitPrice": 88.4, "unit": "kg", "qty": 0.5 }
  },
  {
    "title": "Rosta",
    "subtitle": "450 g",
    "category": {
      "sub": "Frosne brød og rundstykker",
      "parent": "Brød og frokostblandinger"
    },
    "price": { "price": 28, "unitPrice": 62.22, "unit": "kg", "qty": 0.45 }
  },
  {
    "title": "Grova",
    "subtitle": "Glutenfri, 500 g",
    "category": {
      "sub": "Frosne brød og rundstykker",
      "parent": "Brød og frokostblandinger"
    },
    "price": { "price": 60.6, "unitPrice": 121.2, "unit": "kg", "qty": 0.5 }
  },
  {
    "title": "Havrebrød",
    "subtitle": "Glutenfri, 500 g",
    "category": {
      "sub": "Frosne brød og rundstykker",
      "parent": "Brød og frokostblandinger"
    },
    "price": { "price": 69.8, "unitPrice": 139.6, "unit": "kg", "qty": 0.5 }
  },
  {
    "title": "Grovbrød med Surdeig",
    "subtitle": "Glutenfri, 500 g",
    "category": {
      "sub": "Frosne brød og rundstykker",
      "parent": "Brød og frokostblandinger"
    },
    "price": { "price": 74.4, "unitPrice": 148.8, "unit": "kg", "qty": 0.5 }
  },
  {
    "title": "Loff",
    "subtitle": "Glutenfri, 500 g",
    "category": {
      "sub": "Frosne brød og rundstykker",
      "parent": "Brød og frokostblandinger"
    },
    "price": { "price": 71.1, "unitPrice": 142.2, "unit": "kg", "qty": 0.5 }
  },
  {
    "title": "Fiberbrød",
    "subtitle": "Glutenfri, 500 g",
    "category": {
      "sub": "Frosne brød og rundstykker",
      "parent": "Brød og frokostblandinger"
    },
    "price": { "price": 72.9, "unitPrice": 145.8, "unit": "kg", "qty": 0.5 }
  },
  {
    "title": "Fria Familiekneipp",
    "subtitle": "Glutenfri, 500 g",
    "category": {
      "sub": "Frosne brød og rundstykker",
      "parent": "Brød og frokostblandinger"
    },
    "price": { "price": 69.8, "unitPrice": 139.6, "unit": "kg", "qty": 0.5 }
  },
  {
    "title": "Glutenfri Havrebrød",
    "subtitle": "500 g",
    "category": {
      "sub": "Frosne brød og rundstykker",
      "parent": "Brød og frokostblandinger"
    },
    "price": { "price": 49.8, "unitPrice": 99.6, "unit": "kg", "qty": 0.5 }
  },
  {
    "title": "Glutenfri Fiberbrød",
    "subtitle": "600 g",
    "category": {
      "sub": "Frosne brød og rundstykker",
      "parent": "Brød og frokostblandinger"
    },
    "price": { "price": 56.9, "unitPrice": 94.83, "unit": "kg", "qty": 0.6 }
  },
  {
    "title": "Glutenfri Kornbrød",
    "subtitle": "500 g",
    "category": {
      "sub": "Frosne brød og rundstykker",
      "parent": "Brød og frokostblandinger"
    },
    "price": { "price": 40, "unitPrice": 80, "unit": "kg", "qty": 0.5 }
  },
  {
    "title": "Loff",
    "subtitle": "Glutenfri, 500 g",
    "category": {
      "sub": "Frosne brød og rundstykker",
      "parent": "Brød og frokostblandinger"
    },
    "price": { "price": 40.5, "unitPrice": 81, "unit": "kg", "qty": 0.5 }
  },
  {
    "title": "Grovbrød Xl",
    "subtitle": "Glutenfri, 450 g",
    "category": {
      "sub": "Frosne brød og rundstykker",
      "parent": "Brød og frokostblandinger"
    },
    "price": { "price": 53.6, "unitPrice": 119.11, "unit": "kg", "qty": 0.45 }
  },
  {
    "title": "Brød Toasty Fiber",
    "subtitle": "Glutenfri, 400 g",
    "category": {
      "sub": "Frosne brød og rundstykker",
      "parent": "Brød og frokostblandinger"
    },
    "price": { "price": 52.4, "unitPrice": 131, "unit": "kg", "qty": 0.4 }
  },
  {
    "title": "Spire Brød",
    "subtitle": "Skåret, Glutenfri, Fryst, 500 g",
    "category": {
      "sub": "Frosne brød og rundstykker",
      "parent": "Brød og frokostblandinger"
    },
    "price": { "price": 47.4, "unitPrice": 94.8, "unit": "kg", "qty": 0.5 }
  },
  {
    "title": "Chia Brød",
    "subtitle": "Skåret, Glutenfri, Fryst, 500 g",
    "category": {
      "sub": "Frosne brød og rundstykker",
      "parent": "Brød og frokostblandinger"
    },
    "price": { "price": 52.8, "unitPrice": 105.6, "unit": "kg", "qty": 0.5 }
  },
  {
    "title": "Glutenfri Wienertoast",
    "subtitle": "2 stk",
    "category": {
      "sub": "Frosne brød og rundstykker",
      "parent": "Brød og frokostblandinger"
    },
    "price": { "price": 38.8, "unitPrice": 215.56, "unit": "kg", "qty": 0.18 }
  },
  {
    "title": "Original Wienertoast",
    "subtitle": "2 stk",
    "category": {
      "sub": "Frosne brød og rundstykker",
      "parent": "Brød og frokostblandinger"
    },
    "price": { "price": 29.5, "unitPrice": 163.89, "unit": "kg", "qty": 0.18 }
  },
  {
    "title": "Grov Toast",
    "subtitle": "Med Kylling & Ramsløk, 2 stk",
    "category": {
      "sub": "Frosne brød og rundstykker",
      "parent": "Brød og frokostblandinger"
    },
    "price": { "price": 32.6, "unitPrice": 171.58, "unit": "kg", "qty": 0.19 }
  },
  {
    "title": "Fullkorn Polarkompis",
    "subtitle": "16 Stk, 600 g",
    "category": {
      "sub": "Frosne brød og rundstykker",
      "parent": "Brød og frokostblandinger"
    },
    "price": { "price": 48.8, "unitPrice": 81.33, "unit": "kg", "qty": 0.6 }
  },
  {
    "title": "Havre Polarbrød",
    "subtitle": "16 Stk, 600 g",
    "category": {
      "sub": "Frosne brød og rundstykker",
      "parent": "Brød og frokostblandinger"
    },
    "price": { "price": 43.6, "unitPrice": 72.67, "unit": "kg", "qty": 0.6 }
  },
  {
    "title": "Hvitløksbaguetter",
    "subtitle": "2 stk, 350 g",
    "category": {
      "sub": "Frosne brød og rundstykker",
      "parent": "Brød og frokostblandinger"
    },
    "price": { "price": 15, "unitPrice": 42.86, "unit": "kg", "qty": 0.35 }
  },
  {
    "title": "Miniflutes Fine",
    "subtitle": "15 stk, 750 g",
    "category": {
      "sub": "Frosne brød og rundstykker",
      "parent": "Brød og frokostblandinger"
    },
    "price": { "price": 26.9, "unitPrice": 35.87, "unit": "kg", "qty": 0.75 }
  },
  {
    "title": "Prima Rundstykker",
    "subtitle": "10 x 60g, 600 g",
    "category": {
      "sub": "Frosne brød og rundstykker",
      "parent": "Brød og frokostblandinger"
    },
    "price": { "price": 34.1, "unitPrice": 56.83, "unit": "kg", "qty": 0.6 }
  },
  {
    "title": "Miniflutes Fullkorn",
    "subtitle": "12x50g, 600 g",
    "category": {
      "sub": "Frosne brød og rundstykker",
      "parent": "Brød og frokostblandinger"
    },
    "price": { "price": 28.1, "unitPrice": 46.83, "unit": "kg", "qty": 0.6 }
  },
  {
    "title": "Warburtons Crumpets",
    "subtitle": "6 stk, 275 g",
    "category": {
      "sub": "Frosne brød og rundstykker",
      "parent": "Brød og frokostblandinger"
    },
    "price": { "price": 34.9, "unitPrice": 126.91, "unit": "kg", "qty": 0.27 }
  },
  {
    "title": "Glutenfritt Grovbrød",
    "subtitle": "1 stk",
    "category": {
      "sub": "Frosne brød og rundstykker",
      "parent": "Brød og frokostblandinger"
    },
    "price": { "price": 69.9, "unitPrice": 170.49, "unit": "kg", "qty": 0.41 }
  },
  {
    "title": "Grove Økologiske Rundstykker",
    "subtitle": "Halvstekte, 9 stk",
    "category": {
      "sub": "Frosne brød og rundstykker",
      "parent": "Brød og frokostblandinger"
    },
    "price": { "price": 89.9, "unitPrice": 89.9, "unit": "kg", "qty": 1 }
  },
  {
    "title": "Økologiske Grove Baguetter",
    "subtitle": "Halvstekte, 5 stk",
    "category": {
      "sub": "Frosne brød og rundstykker",
      "parent": "Brød og frokostblandinger"
    },
    "price": { "price": 89.9, "unitPrice": 119.87, "unit": "kg", "qty": 0.75 }
  },
  {
    "title": "Pizzasnurrer",
    "subtitle": "7 stk, 420 g",
    "category": {
      "sub": "Frosne brød og rundstykker",
      "parent": "Brød og frokostblandinger"
    },
    "price": { "price": 39, "unitPrice": 92.86, "unit": "kg", "qty": 0.42 }
  },
  {
    "title": "Økologiske Pitabrød",
    "subtitle": "Med Spelt, 2 stk",
    "category": {
      "sub": "Frosne brød og rundstykker",
      "parent": "Brød og frokostblandinger"
    },
    "price": { "price": 29.9, "unitPrice": 166.11, "unit": "kg", "qty": 0.18 }
  },
  {
    "title": "Wasa Husman",
    "subtitle": "520 g",
    "category": { "sub": "Knekkebrød", "parent": "Brød og frokostblandinger" },
    "price": { "price": 23.4, "unitPrice": 45, "unit": "kg", "qty": 0.52 }
  },
  {
    "title": "Havre Økonomi",
    "subtitle": "600 g",
    "category": { "sub": "Knekkebrød", "parent": "Brød og frokostblandinger" },
    "price": { "price": 42.7, "unitPrice": 71.17, "unit": "kg", "qty": 0.6 }
  },
  {
    "title": "Sport+ Knekkebrød",
    "subtitle": "225 g",
    "category": { "sub": "Knekkebrød", "parent": "Brød og frokostblandinger" },
    "price": { "price": 16.8, "unitPrice": 74.67, "unit": "kg", "qty": 0.22 }
  },
  {
    "title": "Knekkebrød Urter & havsalt",
    "subtitle": "12 stk",
    "category": { "sub": "Knekkebrød", "parent": "Brød og frokostblandinger" },
    "price": { "price": 43.2, "unitPrice": 3.6, "unit": "stk", "qty": 12 }
  },
  {
    "title": "Knekkebrød Original",
    "subtitle": "12 stk",
    "category": { "sub": "Knekkebrød", "parent": "Brød og frokostblandinger" },
    "price": { "price": 43.2, "unitPrice": 3.6, "unit": "stk", "qty": 12 }
  },
  {
    "title": "Lavkarbo-Knekkebrød",
    "subtitle": "Glutenfri, 150 g",
    "category": { "sub": "Knekkebrød", "parent": "Brød og frokostblandinger" },
    "price": { "price": 38.4, "unitPrice": 256, "unit": "kg", "qty": 0.15 }
  },
  {
    "title": "Knekkebrød med Tomat",
    "subtitle": "Glutenfri, 200 g",
    "category": { "sub": "Knekkebrød", "parent": "Brød og frokostblandinger" },
    "price": { "price": 39.4, "unitPrice": 197, "unit": "kg", "qty": 0.2 }
  },
  {
    "title": "Kornmo Bakte Knekkebrød Chia",
    "subtitle": "200 g",
    "category": { "sub": "Knekkebrød", "parent": "Brød og frokostblandinger" },
    "price": { "price": 34.8, "unitPrice": 174, "unit": "kg", "qty": 0.2 }
  },
  {
    "title": "Kornmoknekkebrød Havre & Solsikke",
    "subtitle": "200 g",
    "category": { "sub": "Knekkebrød", "parent": "Brød og frokostblandinger" },
    "price": { "price": 32.8, "unitPrice": 164, "unit": "kg", "qty": 0.2 }
  },
  {
    "title": "Knekkebrød Runde Sesam & Havsalt",
    "subtitle": "290 g",
    "category": { "sub": "Knekkebrød", "parent": "Brød og frokostblandinger" },
    "price": { "price": 50.5, "unitPrice": 174.14, "unit": "kg", "qty": 0.29 }
  },
  {
    "title": "Din Stund Chia & Havsalt",
    "subtitle": "260 g",
    "category": { "sub": "Knekkebrød", "parent": "Brød og frokostblandinger" },
    "price": { "price": 26.4, "unitPrice": 101.54, "unit": "kg", "qty": 0.26 }
  },
  {
    "title": "Knekkebrød Naturell",
    "subtitle": "Gluten- og laktosefritt, 240 g",
    "category": { "sub": "Knekkebrød", "parent": "Brød og frokostblandinger" },
    "price": { "price": 49.8, "unitPrice": 207.5, "unit": "kg", "qty": 0.24 }
  },
  {
    "title": "Sesam & Havsalt",
    "subtitle": "Glutenfri, 240 g",
    "category": { "sub": "Knekkebrød", "parent": "Brød og frokostblandinger" },
    "price": { "price": 51.4, "unitPrice": 214.17, "unit": "kg", "qty": 0.24 }
  },
  {
    "title": "Knekkebrød",
    "subtitle": "Godt Stekt, 200 g",
    "category": { "sub": "Knekkebrød", "parent": "Brød og frokostblandinger" },
    "price": { "price": 29.4, "unitPrice": 147, "unit": "kg", "qty": 0.2 }
  },
  {
    "title": "Knekkebrød",
    "subtitle": "Normalt Stekt, 200 g",
    "category": { "sub": "Knekkebrød", "parent": "Brød og frokostblandinger" },
    "price": { "price": 28.8, "unitPrice": 144, "unit": "kg", "qty": 0.2 }
  },
  {
    "title": "Knekkebrød",
    "subtitle": "Havre, 200 g",
    "category": { "sub": "Knekkebrød", "parent": "Brød og frokostblandinger" },
    "price": { "price": 32.2, "unitPrice": 161, "unit": "kg", "qty": 0.2 }
  },
  {
    "title": "Knekkebrød",
    "subtitle": "Eple & Kanel, 200 g",
    "category": { "sub": "Knekkebrød", "parent": "Brød og frokostblandinger" },
    "price": { "price": 31.6, "unitPrice": 158, "unit": "kg", "qty": 0.2 }
  },
  {
    "title": "Knekkebrød",
    "subtitle": "Surdeig, 200 g",
    "category": { "sub": "Knekkebrød", "parent": "Brød og frokostblandinger" },
    "price": { "price": 31.8, "unitPrice": 159, "unit": "kg", "qty": 0.2 }
  },
  {
    "title": "Knekkebrød",
    "subtitle": "Havrekli og Bygg, 190 g",
    "category": { "sub": "Knekkebrød", "parent": "Brød og frokostblandinger" },
    "price": { "price": 31, "unitPrice": 163.16, "unit": "kg", "qty": 0.19 }
  },
  {
    "title": "Fiberrik Solsikke",
    "subtitle": "125 g",
    "category": { "sub": "Knekkebrød", "parent": "Brød og frokostblandinger" },
    "price": { "price": 38.4, "unitPrice": 307.2, "unit": "kg", "qty": 0.13 }
  },
  {
    "title": "Rugsprø Original",
    "subtitle": "200 g",
    "category": { "sub": "Knekkebrød", "parent": "Brød og frokostblandinger" },
    "price": { "price": 13.9, "unitPrice": 69.5, "unit": "kg", "qty": 0.2 }
  },
  {
    "title": "Rugsprø Havre",
    "subtitle": "180 g",
    "category": { "sub": "Knekkebrød", "parent": "Brød og frokostblandinger" },
    "price": { "price": 14.6, "unitPrice": 81.11, "unit": "kg", "qty": 0.18 }
  },
  {
    "title": "Sandwich Sourcream & Onion",
    "subtitle": "33 g",
    "category": { "sub": "Knekkebrød", "parent": "Brød og frokostblandinger" },
    "price": { "price": 12.8, "unitPrice": 387.88, "unit": "kg", "qty": 0.03 }
  },
  {
    "title": "Sandwich Cream Cheese & Gressløk",
    "subtitle": "37 g",
    "category": { "sub": "Knekkebrød", "parent": "Brød og frokostblandinger" },
    "price": { "price": 11.4, "unitPrice": 308.11, "unit": "kg", "qty": 0.04 }
  },
  {
    "title": "Sandwich French Herbs",
    "subtitle": "30 g",
    "category": { "sub": "Knekkebrød", "parent": "Brød og frokostblandinger" },
    "price": { "price": 11.4, "unitPrice": 380, "unit": "kg", "qty": 0.03 }
  },
  {
    "title": "Sandwich Brunost",
    "subtitle": "36 g",
    "category": { "sub": "Knekkebrød", "parent": "Brød og frokostblandinger" },
    "price": { "price": 11.4, "unitPrice": 316.67, "unit": "kg", "qty": 0.04 }
  },
  {
    "title": "Sandwich Cheese & Paprika",
    "subtitle": "40 g",
    "category": { "sub": "Knekkebrød", "parent": "Brød og frokostblandinger" },
    "price": { "price": 15.6, "unitPrice": 390, "unit": "kg", "qty": 0.04 }
  },
  {
    "title": "Sandwich Tomat & Basilikum",
    "subtitle": "40 g",
    "category": { "sub": "Knekkebrød", "parent": "Brød og frokostblandinger" },
    "price": { "price": 12.8, "unitPrice": 320, "unit": "kg", "qty": 0.04 }
  },
  {
    "title": "Sandwich Hummus",
    "subtitle": "32 g",
    "category": { "sub": "Knekkebrød", "parent": "Brød og frokostblandinger" },
    "price": { "price": 15.6, "unitPrice": 487.5, "unit": "kg", "qty": 0.03 }
  },
  {
    "title": "Ryvita Rug",
    "subtitle": "Knekkebrød, 400 g",
    "category": { "sub": "Knekkebrød", "parent": "Brød og frokostblandinger" },
    "price": { "price": 29.8, "unitPrice": 74.5, "unit": "kg", "qty": 0.4 }
  },
  {
    "title": "Ryvita Muesli Crunch",
    "subtitle": "Knekkebrød, 200 g",
    "category": { "sub": "Knekkebrød", "parent": "Brød og frokostblandinger" },
    "price": { "price": 37.6, "unitPrice": 188, "unit": "kg", "qty": 0.2 }
  },
  {
    "title": "Ryvita Multigrain",
    "subtitle": "Knekkebrød, 250 g",
    "category": { "sub": "Knekkebrød", "parent": "Brød og frokostblandinger" },
    "price": { "price": 35.5, "unitPrice": 142, "unit": "kg", "qty": 0.25 }
  },
  {
    "title": "Ryvita Sesam",
    "subtitle": "Knekkebrød, 250 g",
    "category": { "sub": "Knekkebrød", "parent": "Brød og frokostblandinger" },
    "price": { "price": 28.4, "unitPrice": 113.6, "unit": "kg", "qty": 0.25 }
  },
  {
    "title": "Ryvita Rug",
    "subtitle": "Knekkebrød, 250 g",
    "category": { "sub": "Knekkebrød", "parent": "Brød og frokostblandinger" },
    "price": { "price": 24.5, "unitPrice": 98, "unit": "kg", "qty": 0.25 }
  },
  {
    "title": "Wasa 100",
    "subtitle": "Frø & Havsalt, 245 g",
    "category": { "sub": "Knekkebrød", "parent": "Brød og frokostblandinger" },
    "price": { "price": 24.4, "unitPrice": 99.59, "unit": "kg", "qty": 0.25 }
  },
  {
    "title": "Frukost Fullkorn",
    "subtitle": "320 g",
    "category": { "sub": "Knekkebrød", "parent": "Brød og frokostblandinger" },
    "price": { "price": 18.9, "unitPrice": 59.06, "unit": "kg", "qty": 0.32 }
  },
  {
    "title": "Eko Krispig Råg",
    "subtitle": "Økologisk, 180 g",
    "category": { "sub": "Knekkebrød", "parent": "Brød og frokostblandinger" },
    "price": { "price": 39.2, "unitPrice": 217.78, "unit": "kg", "qty": 0.18 }
  },
  {
    "title": "Husman",
    "subtitle": "260 g",
    "category": { "sub": "Knekkebrød", "parent": "Brød og frokostblandinger" },
    "price": { "price": 13, "unitPrice": 50, "unit": "kg", "qty": 0.26 }
  },
  {
    "title": "Fiber Balance",
    "subtitle": "230 g",
    "category": { "sub": "Knekkebrød", "parent": "Brød og frokostblandinger" },
    "price": { "price": 19.4, "unitPrice": 84.35, "unit": "kg", "qty": 0.23 }
  },
  {
    "title": "Delikatess Sesam",
    "subtitle": "285 g",
    "category": { "sub": "Knekkebrød", "parent": "Brød og frokostblandinger" },
    "price": { "price": 23.8, "unitPrice": 83.51, "unit": "kg", "qty": 0.28 }
  },
  {
    "title": "Knekkebrød Havre",
    "subtitle": "280 g",
    "category": { "sub": "Knekkebrød", "parent": "Brød og frokostblandinger" },
    "price": { "price": 23.9, "unitPrice": 85.36, "unit": "kg", "qty": 0.28 }
  },
  {
    "title": "Frukost Økonomi",
    "subtitle": "480 g",
    "category": { "sub": "Knekkebrød", "parent": "Brød og frokostblandinger" },
    "price": { "price": 29.8, "unitPrice": 62.08, "unit": "kg", "qty": 0.48 }
  },
  {
    "title": "Frukost Knekkebrød",
    "subtitle": "240 g",
    "category": { "sub": "Knekkebrød", "parent": "Brød og frokostblandinger" },
    "price": { "price": 15.9, "unitPrice": 66.25, "unit": "kg", "qty": 0.24 }
  },
  {
    "title": "Tynnknekke Havre",
    "subtitle": "120 g",
    "category": { "sub": "Knekkebrød", "parent": "Brød og frokostblandinger" },
    "price": { "price": 44.1, "unitPrice": 367.5, "unit": "kg", "qty": 0.12 }
  },
  {
    "title": "Tynnknekke Rug",
    "subtitle": "120 g",
    "category": { "sub": "Knekkebrød", "parent": "Brød og frokostblandinger" },
    "price": { "price": 44.1, "unitPrice": 367.5, "unit": "kg", "qty": 0.12 }
  },
  {
    "title": "Go'knekke Fiber",
    "subtitle": "250 g",
    "category": { "sub": "Knekkebrød", "parent": "Brød og frokostblandinger" },
    "price": { "price": 28.4, "unitPrice": 113.6, "unit": "kg", "qty": 0.25 }
  },
  {
    "title": "Go'knekke Rug",
    "subtitle": "250 g",
    "category": { "sub": "Knekkebrød", "parent": "Brød og frokostblandinger" },
    "price": { "price": 22.4, "unitPrice": 89.6, "unit": "kg", "qty": 0.25 }
  },
  {
    "title": "Havreknekkebrød",
    "subtitle": "Glutenfri, 215 g",
    "category": { "sub": "Knekkebrød", "parent": "Brød og frokostblandinger" },
    "price": { "price": 39.8, "unitPrice": 185.12, "unit": "kg", "qty": 0.21 }
  },
  {
    "title": "Chia Knekkebrød",
    "subtitle": "Glutenfri, 140 g",
    "category": { "sub": "Knekkebrød", "parent": "Brød og frokostblandinger" },
    "price": { "price": 24.8, "unitPrice": 177.14, "unit": "kg", "qty": 0.14 }
  },
  {
    "title": "Knekkebrød Med Surdeig",
    "subtitle": "Glutenfri, 130 g",
    "category": { "sub": "Knekkebrød", "parent": "Brød og frokostblandinger" },
    "price": { "price": 32.2, "unitPrice": 247.69, "unit": "kg", "qty": 0.13 }
  },
  {
    "title": "Grovkrisp med Sesamfrø",
    "subtitle": "170 g",
    "category": { "sub": "Knekkebrød", "parent": "Brød og frokostblandinger" },
    "price": { "price": 35.8, "unitPrice": 210.59, "unit": "kg", "qty": 0.17 }
  },
  {
    "title": "Frøkrisp",
    "subtitle": "Økologisk, 170 g",
    "category": { "sub": "Knekkebrød", "parent": "Brød og frokostblandinger" },
    "price": { "price": 40.8, "unitPrice": 240, "unit": "kg", "qty": 0.17 }
  },
  {
    "title": "Speltknekkebrød",
    "subtitle": "Ost, 200 g",
    "category": { "sub": "Knekkebrød", "parent": "Brød og frokostblandinger" },
    "price": { "price": 42.2, "unitPrice": 211, "unit": "kg", "qty": 0.2 }
  },
  {
    "title": "Speltknekkebrød",
    "subtitle": "Frø, 200 g",
    "category": { "sub": "Knekkebrød", "parent": "Brød og frokostblandinger" },
    "price": { "price": 37.9, "unitPrice": 189.5, "unit": "kg", "qty": 0.2 }
  },
  {
    "title": "Friggs Maiskaker Ost",
    "subtitle": "125 g",
    "category": { "sub": "Knekkebrød", "parent": "Brød og frokostblandinger" },
    "price": { "price": 29.8, "unitPrice": 238.4, "unit": "kg", "qty": 0.13 }
  },
  {
    "title": "Friggs Maiskaker Chia & Havsalt",
    "subtitle": "130 g",
    "category": { "sub": "Knekkebrød", "parent": "Brød og frokostblandinger" },
    "price": { "price": 17.8, "unitPrice": 136.92, "unit": "kg", "qty": 0.13 }
  },
  {
    "title": "Maiskaker Snackpack Cheese",
    "subtitle": "Glutenfri, 25 g",
    "category": { "sub": "Knekkebrød", "parent": "Brød og frokostblandinger" },
    "price": { "price": 11.4, "unitPrice": 456, "unit": "kg", "qty": 0.03 }
  },
  {
    "title": "Maiskaker Snackpack Taco",
    "subtitle": "Glutenfri, 25 g",
    "category": { "sub": "Knekkebrød", "parent": "Brød og frokostblandinger" },
    "price": { "price": 12.2, "unitPrice": 488, "unit": "kg", "qty": 0.02 }
  },
  {
    "title": "Riskaker",
    "subtitle": "100 g",
    "category": { "sub": "Knekkebrød", "parent": "Brød og frokostblandinger" },
    "price": { "price": 9.6, "unitPrice": 96, "unit": "kg", "qty": 0.1 }
  },
  {
    "title": "Flatbrød",
    "subtitle": "300 g",
    "category": { "sub": "Knekkebrød", "parent": "Brød og frokostblandinger" },
    "price": { "price": 8.9, "unitPrice": 29.67, "unit": "kg", "qty": 0.3 }
  },
  {
    "title": "Korni Flatbrød",
    "subtitle": "275 g",
    "category": { "sub": "Knekkebrød", "parent": "Brød og frokostblandinger" },
    "price": { "price": 21.4, "unitPrice": 77.82, "unit": "kg", "qty": 0.27 }
  },
  {
    "title": "Flatbrød",
    "subtitle": "Mors Hjemmebakte, 520 g",
    "category": { "sub": "Knekkebrød", "parent": "Brød og frokostblandinger" },
    "price": { "price": 36.6, "unitPrice": 70.38, "unit": "kg", "qty": 0.52 }
  },
  {
    "title": "Røros-Flatbrød med Tyttebær",
    "subtitle": "190 g",
    "category": { "sub": "Knekkebrød", "parent": "Brød og frokostblandinger" },
    "price": { "price": 39.2, "unitPrice": 206.32, "unit": "kg", "qty": 0.19 }
  },
  {
    "title": "Røros-Flatbrød Økologisk",
    "subtitle": "190 g",
    "category": { "sub": "Knekkebrød", "parent": "Brød og frokostblandinger" },
    "price": { "price": 35.4, "unitPrice": 186.32, "unit": "kg", "qty": 0.19 }
  },
  {
    "title": "Emma Fullkorn",
    "subtitle": "400 g",
    "category": { "sub": "Knekkebrød", "parent": "Brød og frokostblandinger" },
    "price": { "price": 34.8, "unitPrice": 87, "unit": "kg", "qty": 0.4 }
  },
  {
    "title": "Fullkorn Skorpe Uten Sukker",
    "subtitle": "300 g",
    "category": { "sub": "Knekkebrød", "parent": "Brød og frokostblandinger" },
    "price": { "price": 27.1, "unitPrice": 90.33, "unit": "kg", "qty": 0.3 }
  },
  {
    "title": "Kavring",
    "subtitle": "400 g",
    "category": { "sub": "Knekkebrød", "parent": "Brød og frokostblandinger" },
    "price": { "price": 31.4, "unitPrice": 78.5, "unit": "kg", "qty": 0.4 }
  },
  {
    "title": "Crisp Erterflatbrød",
    "subtitle": "200 g",
    "category": { "sub": "Knekkebrød", "parent": "Brød og frokostblandinger" },
    "price": { "price": 29.8, "unitPrice": 149, "unit": "kg", "qty": 0.2 }
  },
  {
    "title": "GG Superfiber Rug",
    "subtitle": "Klibrød, 100 g",
    "category": { "sub": "Knekkebrød", "parent": "Brød og frokostblandinger" },
    "price": { "price": 28.4, "unitPrice": 284, "unit": "kg", "qty": 0.1 }
  },
  {
    "title": "Papadums",
    "subtitle": "110 g",
    "category": { "sub": "Knekkebrød", "parent": "Brød og frokostblandinger" },
    "price": { "price": 31.8, "unitPrice": 3.18, "unit": "stk", "qty": 10 }
  },
  {
    "title": "Knekkebrød Chia & Gulrot",
    "subtitle": "150 g",
    "category": { "sub": "Knekkebrød", "parent": "Brød og frokostblandinger" },
    "price": { "price": 49, "unitPrice": 326.67, "unit": "kg", "qty": 0.15 }
  },
  {
    "title": "Knekkebrød Original",
    "subtitle": "150 g",
    "category": { "sub": "Knekkebrød", "parent": "Brød og frokostblandinger" },
    "price": { "price": 49, "unitPrice": 326.67, "unit": "kg", "qty": 0.15 }
  },
  {
    "title": "Døgnvill Burgerbrød",
    "subtitle": "4 stk",
    "category": {
      "sub": "Pølse- og hamburgerbrød, lomper",
      "parent": "Brød og frokostblandinger"
    },
    "price": { "price": 29.9, "unitPrice": 83.06, "unit": "kg", "qty": 0.36 }
  },
  {
    "title": "Glutenfritt Hamburgerbrød",
    "subtitle": "Glutenfritt Hamburgerbrød, 2-pak, 1 stk",
    "category": {
      "sub": "Pølse- og hamburgerbrød, lomper",
      "parent": "Brød og frokostblandinger"
    },
    "price": { "price": 44.9, "unitPrice": 44.9, "unit": "stk", "qty": 1 }
  },
  {
    "title": "Brioche Hamburgerbrød",
    "subtitle": "4 stk",
    "category": {
      "sub": "Pølse- og hamburgerbrød, lomper",
      "parent": "Brød og frokostblandinger"
    },
    "price": { "price": 29.9, "unitPrice": 83.06, "unit": "kg", "qty": 0.36 }
  },
  {
    "title": "Lomper Buer",
    "subtitle": "10 stk, 260 g",
    "category": {
      "sub": "Pølse- og hamburgerbrød, lomper",
      "parent": "Brød og frokostblandinger"
    },
    "price": { "price": 13.6, "unitPrice": 52.31, "unit": "kg", "qty": 0.26 }
  },
  {
    "title": "Store Speltlomper Buer",
    "subtitle": "8 stk, 270 g",
    "category": {
      "sub": "Pølse- og hamburgerbrød, lomper",
      "parent": "Brød og frokostblandinger"
    },
    "price": { "price": 26.8, "unitPrice": 99.26, "unit": "kg", "qty": 0.27 }
  },
  {
    "title": "Birgers Beste Lefser",
    "subtitle": "5 stk",
    "category": {
      "sub": "Pølse- og hamburgerbrød, lomper",
      "parent": "Brød og frokostblandinger"
    },
    "price": { "price": 32.4, "unitPrice": 162, "unit": "kg", "qty": 0.2 }
  },
  {
    "title": "Havrelomper Store",
    "subtitle": "8 stk, 280 g",
    "category": {
      "sub": "Pølse- og hamburgerbrød, lomper",
      "parent": "Brød og frokostblandinger"
    },
    "price": { "price": 25.4, "unitPrice": 90.71, "unit": "kg", "qty": 0.28 }
  },
  {
    "title": "Store Lomper",
    "subtitle": "10 stk",
    "category": {
      "sub": "Pølse- og hamburgerbrød, lomper",
      "parent": "Brød og frokostblandinger"
    },
    "price": { "price": 12.9, "unitPrice": 44.48, "unit": "kg", "qty": 0.29 }
  },
  {
    "title": "True Style Bistro Pølsebrød",
    "subtitle": "6 stk, 300 g",
    "category": {
      "sub": "Pølse- og hamburgerbrød, lomper",
      "parent": "Brød og frokostblandinger"
    },
    "price": { "price": 32.9, "unitPrice": 109.67, "unit": "kg", "qty": 0.3 }
  },
  {
    "title": "Chicago Pølsebrød",
    "subtitle": "10 stk, 500 g",
    "category": {
      "sub": "Pølse- og hamburgerbrød, lomper",
      "parent": "Brød og frokostblandinger"
    },
    "price": { "price": 31.2, "unitPrice": 62.4, "unit": "kg", "qty": 0.5 }
  },
  {
    "title": "Grove Pølsebrød",
    "subtitle": "10 stk, 330 g",
    "category": {
      "sub": "Pølse- og hamburgerbrød, lomper",
      "parent": "Brød og frokostblandinger"
    },
    "price": { "price": 26.9, "unitPrice": 81.52, "unit": "kg", "qty": 0.33 }
  },
  {
    "title": "Høvding Fine Pølsebrød",
    "subtitle": "12 stk, 480 g",
    "category": {
      "sub": "Pølse- og hamburgerbrød, lomper",
      "parent": "Brød og frokostblandinger"
    },
    "price": { "price": 22.8, "unitPrice": 47.5, "unit": "kg", "qty": 0.48 }
  },
  {
    "title": "True Bistro Hamburgerbrød",
    "subtitle": "378 g",
    "category": {
      "sub": "Pølse- og hamburgerbrød, lomper",
      "parent": "Brød og frokostblandinger"
    },
    "price": { "price": 39.9, "unitPrice": 105.56, "unit": "kg", "qty": 0.38 }
  },
  {
    "title": "Chicago Hamburgerbrød",
    "subtitle": "6 stk, 480 g",
    "category": {
      "sub": "Pølse- og hamburgerbrød, lomper",
      "parent": "Brød og frokostblandinger"
    },
    "price": { "price": 28.7, "unitPrice": 59.79, "unit": "kg", "qty": 0.48 }
  },
  {
    "title": "Grove Hamburgerbrød",
    "subtitle": "6 stk, 378 g",
    "category": {
      "sub": "Pølse- og hamburgerbrød, lomper",
      "parent": "Brød og frokostblandinger"
    },
    "price": { "price": 27.3, "unitPrice": 72.22, "unit": "kg", "qty": 0.38 }
  },
  {
    "title": "Slider Buns Fine",
    "subtitle": "6 stk, 220 g",
    "category": {
      "sub": "Pølse- og hamburgerbrød, lomper",
      "parent": "Brød og frokostblandinger"
    },
    "price": { "price": 20, "unitPrice": 90.91, "unit": "kg", "qty": 0.22 }
  },
  {
    "title": "True Style Chicago Hamburgerbrød",
    "subtitle": "2 stk, 160 g",
    "category": {
      "sub": "Pølse- og hamburgerbrød, lomper",
      "parent": "Brød og frokostblandinger"
    },
    "price": { "price": 17.2, "unitPrice": 107.5, "unit": "kg", "qty": 0.16 }
  },
  {
    "title": "Pølsebrød",
    "subtitle": "Glutenfri, 220 g",
    "category": {
      "sub": "Pølse- og hamburgerbrød, lomper",
      "parent": "Brød og frokostblandinger"
    },
    "price": { "price": 52.8, "unitPrice": 240, "unit": "kg", "qty": 0.22 }
  },
  {
    "title": "Pølsebrød",
    "subtitle": "Gluten og Melkefritt, 480 g",
    "category": {
      "sub": "Pølse- og hamburgerbrød, lomper",
      "parent": "Brød og frokostblandinger"
    },
    "price": { "price": 59, "unitPrice": 122.92, "unit": "kg", "qty": 0.48 }
  },
  {
    "title": "Glutenfrie Pølsebrød",
    "subtitle": "4 stk, 260 g",
    "category": {
      "sub": "Pølse- og hamburgerbrød, lomper",
      "parent": "Brød og frokostblandinger"
    },
    "price": { "price": 54.4, "unitPrice": 209.23, "unit": "kg", "qty": 0.26 }
  },
  {
    "title": "Glutenfrie Hamburgerbrød",
    "subtitle": "4 stk, 320 g",
    "category": {
      "sub": "Pølse- og hamburgerbrød, lomper",
      "parent": "Brød og frokostblandinger"
    },
    "price": { "price": 55.8, "unitPrice": 174.38, "unit": "kg", "qty": 0.32 }
  },
  {
    "title": "Hamburgerbrød",
    "subtitle": "Glutenfri, 300 g",
    "category": {
      "sub": "Pølse- og hamburgerbrød, lomper",
      "parent": "Brød og frokostblandinger"
    },
    "price": { "price": 53.1, "unitPrice": 177, "unit": "kg", "qty": 0.3 }
  },
  {
    "title": "Hamburgerbrød",
    "subtitle": "Glutenfri, 280 g",
    "category": {
      "sub": "Pølse- og hamburgerbrød, lomper",
      "parent": "Brød og frokostblandinger"
    },
    "price": { "price": 51.9, "unitPrice": 185.36, "unit": "kg", "qty": 0.28 }
  },
  {
    "title": "Hamburgerbrød",
    "subtitle": "Gluten og Melkefritt, 4 stk, 320 g",
    "category": {
      "sub": "Pølse- og hamburgerbrød, lomper",
      "parent": "Brød og frokostblandinger"
    },
    "price": { "price": 59, "unitPrice": 184.38, "unit": "kg", "qty": 0.32 }
  },
  {
    "title": "Crusli Solfrokost",
    "subtitle": "450 g",
    "category": {
      "sub": "Frokostblandinger og gryn",
      "parent": "Brød og frokostblandinger"
    },
    "price": { "price": 37.6, "unitPrice": 83.56, "unit": "kg", "qty": 0.45 }
  },
  {
    "title": "Cheerios Havre",
    "subtitle": "375 g",
    "category": {
      "sub": "Frokostblandinger og gryn",
      "parent": "Brød og frokostblandinger"
    },
    "price": { "price": 34.7, "unitPrice": 92.53, "unit": "kg", "qty": 0.38 }
  },
  {
    "title": "Supergranola Kakao & Bringebær",
    "subtitle": "450 g",
    "category": {
      "sub": "Frokostblandinger og gryn",
      "parent": "Brød og frokostblandinger"
    },
    "price": { "price": 33.8, "unitPrice": 75.11, "unit": "kg", "qty": 0.45 }
  },
  {
    "title": "Supergranola med Hasselnøtt & Kokos",
    "subtitle": "450 g",
    "category": {
      "sub": "Frokostblandinger og gryn",
      "parent": "Brød og frokostblandinger"
    },
    "price": { "price": 35.6, "unitPrice": 79.11, "unit": "kg", "qty": 0.45 }
  },
  {
    "title": "Supergranola Protein Kakao Kokos & Mandel",
    "subtitle": "450 g",
    "category": {
      "sub": "Frokostblandinger og gryn",
      "parent": "Brød og frokostblandinger"
    },
    "price": { "price": 49.6, "unitPrice": 110.22, "unit": "kg", "qty": 0.45 }
  },
  {
    "title": "Granola Puffet Quinoa",
    "subtitle": "350 g",
    "category": {
      "sub": "Frokostblandinger og gryn",
      "parent": "Brød og frokostblandinger"
    },
    "price": { "price": 45.8, "unitPrice": 130.86, "unit": "kg", "qty": 0.35 }
  },
  {
    "title": "Nesquik Frokostblanding",
    "subtitle": "500 g",
    "category": {
      "sub": "Frokostblandinger og gryn",
      "parent": "Brød og frokostblandinger"
    },
    "price": { "price": 43.2, "unitPrice": 86.4, "unit": "kg", "qty": 0.5 }
  },
  {
    "title": "Weetos Choco",
    "subtitle": "375 g",
    "category": {
      "sub": "Frokostblandinger og gryn",
      "parent": "Brød og frokostblandinger"
    },
    "price": { "price": 54.8, "unitPrice": 146.13, "unit": "kg", "qty": 0.38 }
  },
  {
    "title": "Coco Pops",
    "subtitle": "375 g",
    "category": {
      "sub": "Frokostblandinger og gryn",
      "parent": "Brød og frokostblandinger"
    },
    "price": { "price": 32.8, "unitPrice": 87.47, "unit": "kg", "qty": 0.37 }
  },
  {
    "title": "Corn Flakes",
    "subtitle": "500 g",
    "category": {
      "sub": "Frokostblandinger og gryn",
      "parent": "Brød og frokostblandinger"
    },
    "price": { "price": 28.6, "unitPrice": 57.2, "unit": "kg", "qty": 0.5 }
  },
  {
    "title": "All-Bran Regular Flakes",
    "subtitle": "500 g",
    "category": {
      "sub": "Frokostblandinger og gryn",
      "parent": "Brød og frokostblandinger"
    },
    "price": { "price": 28.8, "unitPrice": 57.6, "unit": "kg", "qty": 0.5 }
  },
  {
    "title": "Froot Loops",
    "subtitle": "375 g",
    "category": {
      "sub": "Frokostblandinger og gryn",
      "parent": "Brød og frokostblandinger"
    },
    "price": { "price": 37.2, "unitPrice": 99.2, "unit": "kg", "qty": 0.38 }
  },
  {
    "title": "Fitness Frokostblanding",
    "subtitle": "375 g",
    "category": {
      "sub": "Frokostblandinger og gryn",
      "parent": "Brød og frokostblandinger"
    },
    "price": { "price": 32.9, "unitPrice": 87.73, "unit": "kg", "qty": 0.38 }
  },
  {
    "title": "Supergrøt Kanel & Puffet Quinoa",
    "subtitle": "54 g",
    "category": {
      "sub": "Frokostblandinger og gryn",
      "parent": "Brød og frokostblandinger"
    },
    "price": { "price": 14.4, "unitPrice": 266.67, "unit": "kg", "qty": 0.05 }
  },
  {
    "title": "Crunchy Müsli",
    "subtitle": "750 g",
    "category": {
      "sub": "Frokostblandinger og gryn",
      "parent": "Brød og frokostblandinger"
    },
    "price": { "price": 24.8, "unitPrice": 33.07, "unit": "kg", "qty": 0.75 }
  },
  {
    "title": "Honni Puffs",
    "subtitle": "500 g",
    "category": {
      "sub": "Frokostblandinger og gryn",
      "parent": "Brød og frokostblandinger"
    },
    "price": { "price": 26.7, "unitPrice": 53.4, "unit": "kg", "qty": 0.5 }
  },
  {
    "title": "Corn flakes",
    "subtitle": "750 g",
    "category": {
      "sub": "Frokostblandinger og gryn",
      "parent": "Brød og frokostblandinger"
    },
    "price": { "price": 18.1, "unitPrice": 24.13, "unit": "kg", "qty": 0.75 }
  },
  {
    "title": "Cheerios Multi Frokostblanding",
    "subtitle": "375 g",
    "category": {
      "sub": "Frokostblandinger og gryn",
      "parent": "Brød og frokostblandinger"
    },
    "price": { "price": 30.5, "unitPrice": 81.33, "unit": "kg", "qty": 0.38 }
  },
  {
    "title": "Corn Flakes",
    "subtitle": "Glutenfri, 375 g",
    "category": {
      "sub": "Frokostblandinger og gryn",
      "parent": "Brød og frokostblandinger"
    },
    "price": { "price": 41, "unitPrice": 109.33, "unit": "kg", "qty": 0.38 }
  },
  {
    "title": "Honni Korn Smacks",
    "subtitle": "375 g",
    "category": {
      "sub": "Frokostblandinger og gryn",
      "parent": "Brød og frokostblandinger"
    },
    "price": { "price": 28.4, "unitPrice": 75.73, "unit": "kg", "qty": 0.38 }
  },
  {
    "title": "Weetabix Orginal",
    "subtitle": "95% Fullkorn, 430 g",
    "category": {
      "sub": "Frokostblandinger og gryn",
      "parent": "Brød og frokostblandinger"
    },
    "price": { "price": 41.8, "unitPrice": 97.21, "unit": "kg", "qty": 0.43 }
  },
  {
    "title": "Havrefras",
    "subtitle": "375 g",
    "category": {
      "sub": "Frokostblandinger og gryn",
      "parent": "Brød og frokostblandinger"
    },
    "price": { "price": 39.7, "unitPrice": 105.87, "unit": "kg", "qty": 0.37 }
  },
  {
    "title": "Crusli 4 Nøtter",
    "subtitle": "450 g",
    "category": {
      "sub": "Frokostblandinger og gryn",
      "parent": "Brød og frokostblandinger"
    },
    "price": { "price": 48.8, "unitPrice": 108.44, "unit": "kg", "qty": 0.45 }
  },
  {
    "title": "Havreputer",
    "subtitle": "Glutenfri, 300 g",
    "category": {
      "sub": "Frokostblandinger og gryn",
      "parent": "Brød og frokostblandinger"
    },
    "price": { "price": 51.8, "unitPrice": 172.67, "unit": "kg", "qty": 0.3 }
  },
  {
    "title": "Frukt Musli",
    "subtitle": "700 g",
    "category": {
      "sub": "Frokostblandinger og gryn",
      "parent": "Brød og frokostblandinger"
    },
    "price": { "price": 35.8, "unitPrice": 51.14, "unit": "kg", "qty": 0.7 }
  },
  {
    "title": "Blåbær Musli",
    "subtitle": "630 g",
    "category": {
      "sub": "Frokostblandinger og gryn",
      "parent": "Brød og frokostblandinger"
    },
    "price": { "price": 39.8, "unitPrice": 63.17, "unit": "kg", "qty": 0.63 }
  },
  {
    "title": "Energi Gold",
    "subtitle": "675 g",
    "category": {
      "sub": "Frokostblandinger og gryn",
      "parent": "Brød og frokostblandinger"
    },
    "price": { "price": 45.8, "unitPrice": 67.85, "unit": "kg", "qty": 0.68 }
  },
  {
    "title": "Bjørn Rosin & Vaniljesmak",
    "subtitle": "500 g",
    "category": {
      "sub": "Frokostblandinger og gryn",
      "parent": "Brød og frokostblandinger"
    },
    "price": { "price": 33.9, "unitPrice": 67.8, "unit": "kg", "qty": 0.5 }
  },
  {
    "title": "Granola Solbær",
    "subtitle": "475 g",
    "category": {
      "sub": "Frokostblandinger og gryn",
      "parent": "Brød og frokostblandinger"
    },
    "price": { "price": 52.4, "unitPrice": 110.32, "unit": "kg", "qty": 0.47 }
  },
  {
    "title": "Urkraft Store Havregryn",
    "subtitle": "1,2 kg",
    "category": {
      "sub": "Frokostblandinger og gryn",
      "parent": "Brød og frokostblandinger"
    },
    "price": { "price": 29.6, "unitPrice": 24.67, "unit": "kg", "qty": 1.2 }
  },
  {
    "title": "Urkraft Lettkokte Havregryn",
    "subtitle": "1,2 kg",
    "category": {
      "sub": "Frokostblandinger og gryn",
      "parent": "Brød og frokostblandinger"
    },
    "price": { "price": 20.7, "unitPrice": 17.25, "unit": "kg", "qty": 1.2 }
  },
  {
    "title": "Glutenfri Havregryn store",
    "subtitle": "1 kg",
    "category": {
      "sub": "Frokostblandinger og gryn",
      "parent": "Brød og frokostblandinger"
    },
    "price": { "price": 35, "unitPrice": 35, "unit": "kg", "qty": 1 }
  },
  {
    "title": "Havregrøt Energi",
    "subtitle": "65 g",
    "category": {
      "sub": "Frokostblandinger og gryn",
      "parent": "Brød og frokostblandinger"
    },
    "price": { "price": 11.9, "unitPrice": 183.08, "unit": "kg", "qty": 0.06 }
  },
  {
    "title": "Bjørn Havregryn",
    "subtitle": "Lettkokte, Original, 1,1 kg",
    "category": {
      "sub": "Frokostblandinger og gryn",
      "parent": "Brød og frokostblandinger"
    },
    "price": { "price": 18.9, "unitPrice": 17.18, "unit": "kg", "qty": 1.1 }
  },
  {
    "title": "4 Korn",
    "subtitle": "675 g",
    "category": {
      "sub": "Frokostblandinger og gryn",
      "parent": "Brød og frokostblandinger"
    },
    "price": { "price": 21.6, "unitPrice": 32, "unit": "kg", "qty": 0.68 }
  },
  {
    "title": "Byggryn Hele",
    "subtitle": "550 g",
    "category": {
      "sub": "Frokostblandinger og gryn",
      "parent": "Brød og frokostblandinger"
    },
    "price": { "price": 17.8, "unitPrice": 32.36, "unit": "kg", "qty": 0.55 }
  },
  {
    "title": "Havrekli",
    "subtitle": "950 g",
    "category": {
      "sub": "Frokostblandinger og gryn",
      "parent": "Brød og frokostblandinger"
    },
    "price": { "price": 38.8, "unitPrice": 40.84, "unit": "kg", "qty": 0.95 }
  },
  {
    "title": "The Ultimate Granola",
    "subtitle": "Økologisk, 500 g",
    "category": {
      "sub": "Frokostblandinger og gryn",
      "parent": "Brød og frokostblandinger"
    },
    "price": { "price": 91.9, "unitPrice": 183.8, "unit": "kg", "qty": 0.5 }
  },
  {
    "title": "The Ultimate Müsli",
    "subtitle": "Økologisk, 500 g",
    "category": {
      "sub": "Frokostblandinger og gryn",
      "parent": "Brød og frokostblandinger"
    },
    "price": { "price": 98.4, "unitPrice": 196.8, "unit": "kg", "qty": 0.5 }
  },
  {
    "title": "Coconut & Seed Muesli",
    "subtitle": "Glutenfri, 500 g",
    "category": {
      "sub": "Frokostblandinger og gryn",
      "parent": "Brød og frokostblandinger"
    },
    "price": { "price": 70.8, "unitPrice": 141.6, "unit": "kg", "qty": 0.5 }
  },
  {
    "title": "Superfrø Muesli",
    "subtitle": "Økologisk, 500 g",
    "category": {
      "sub": "Frokostblandinger og gryn",
      "parent": "Brød og frokostblandinger"
    },
    "price": { "price": 78.6, "unitPrice": 157.2, "unit": "kg", "qty": 0.5 }
  },
  {
    "title": "Müsli med Blåbær, Bringebær & Vanilje",
    "subtitle": "400 g",
    "category": {
      "sub": "Frokostblandinger og gryn",
      "parent": "Brød og frokostblandinger"
    },
    "price": { "price": 69.8, "unitPrice": 174.5, "unit": "kg", "qty": 0.4 }
  },
  {
    "title": "Müsli med Jordbær, Kokos og Kardemomme",
    "subtitle": "400 g",
    "category": {
      "sub": "Frokostblandinger og gryn",
      "parent": "Brød og frokostblandinger"
    },
    "price": { "price": 69.8, "unitPrice": 174.5, "unit": "kg", "qty": 0.4 }
  },
  {
    "title": "Müsli med Eple, Kanel og Tranebær",
    "subtitle": "400 g",
    "category": {
      "sub": "Frokostblandinger og gryn",
      "parent": "Brød og frokostblandinger"
    },
    "price": { "price": 66.8, "unitPrice": 167, "unit": "kg", "qty": 0.4 }
  },
  {
    "title": "Puffet Ris",
    "subtitle": "260 g",
    "category": {
      "sub": "Frokostblandinger og gryn",
      "parent": "Brød og frokostblandinger"
    },
    "price": { "price": 15.4, "unitPrice": 59.23, "unit": "kg", "qty": 0.26 }
  },
  {
    "title": "Puffet Havre",
    "subtitle": "340 g",
    "category": {
      "sub": "Frokostblandinger og gryn",
      "parent": "Brød og frokostblandinger"
    },
    "price": { "price": 21.3, "unitPrice": 62.65, "unit": "kg", "qty": 0.34 }
  },
  {
    "title": "Fruktmüsli",
    "subtitle": "1 kg",
    "category": {
      "sub": "Frokostblandinger og gryn",
      "parent": "Brød og frokostblandinger"
    },
    "price": { "price": 24.8, "unitPrice": 24.8, "unit": "kg", "qty": 1 }
  },
  {
    "title": "Müsli Knasende med Frukt",
    "subtitle": "Økologisk, 375 g",
    "category": {
      "sub": "Frokostblandinger og gryn",
      "parent": "Brød og frokostblandinger"
    },
    "price": { "price": 70.3, "unitPrice": 187.47, "unit": "kg", "qty": 0.37 }
  },
  {
    "title": "Havregryn Lettkokt",
    "subtitle": "500 g",
    "category": {
      "sub": "Frokostblandinger og gryn",
      "parent": "Brød og frokostblandinger"
    },
    "price": { "price": 38, "unitPrice": 76, "unit": "kg", "qty": 0.5 }
  },
  {
    "title": "Havregryn Steel Cut",
    "subtitle": "500 g",
    "category": {
      "sub": "Frokostblandinger og gryn",
      "parent": "Brød og frokostblandinger"
    },
    "price": { "price": 44.4, "unitPrice": 88.8, "unit": "kg", "qty": 0.5 }
  },
  {
    "title": "Havre & Quinoa Steel Cut",
    "subtitle": "500 g",
    "category": {
      "sub": "Frokostblandinger og gryn",
      "parent": "Brød og frokostblandinger"
    },
    "price": { "price": 64.4, "unitPrice": 128.8, "unit": "kg", "qty": 0.5 }
  },
  {
    "title": "Müsli Bær",
    "subtitle": "425 g",
    "category": {
      "sub": "Frokostblandinger og gryn",
      "parent": "Brød og frokostblandinger"
    },
    "price": { "price": 59.8, "unitPrice": 140.71, "unit": "kg", "qty": 0.42 }
  },
  {
    "title": "Glutenfri Granola Bringebær",
    "subtitle": "350 g",
    "category": {
      "sub": "Frokostblandinger og gryn",
      "parent": "Brød og frokostblandinger"
    },
    "price": { "price": 77.9, "unitPrice": 222.57, "unit": "kg", "qty": 0.35 }
  },
  {
    "title": "Granola Jordbær",
    "subtitle": "380 g",
    "category": {
      "sub": "Frokostblandinger og gryn",
      "parent": "Brød og frokostblandinger"
    },
    "price": { "price": 49.8, "unitPrice": 131.05, "unit": "kg", "qty": 0.38 }
  },
  {
    "title": "Havregryn Økologisk",
    "subtitle": "Store, 600 g",
    "category": {
      "sub": "Frokostblandinger og gryn",
      "parent": "Brød og frokostblandinger"
    },
    "price": { "price": 31.4, "unitPrice": 52.33, "unit": "kg", "qty": 0.6 }
  },
  {
    "title": "Økologisk Havregryn",
    "subtitle": "Lettkokte, 550 g",
    "category": {
      "sub": "Frokostblandinger og gryn",
      "parent": "Brød og frokostblandinger"
    },
    "price": { "price": 28.4, "unitPrice": 51.64, "unit": "kg", "qty": 0.55 }
  },
  {
    "title": "Herkules Frokostkuler",
    "subtitle": "Glutenfri, 325 g",
    "category": {
      "sub": "Frokostblandinger og gryn",
      "parent": "Brød og frokostblandinger"
    },
    "price": { "price": 52.4, "unitPrice": 161.23, "unit": "kg", "qty": 0.33 }
  },
  {
    "title": "Økologiske Hempfrø",
    "subtitle": "Uten Skall, 180 g",
    "category": {
      "sub": "Frokostblandinger og gryn",
      "parent": "Brød og frokostblandinger"
    },
    "price": { "price": 55.4, "unitPrice": 307.78, "unit": "kg", "qty": 0.18 }
  },
  {
    "title": "Müsli Papaya",
    "subtitle": "Glutenfri, 350 g",
    "category": {
      "sub": "Frokostblandinger og gryn",
      "parent": "Brød og frokostblandinger"
    },
    "price": { "price": 44.8, "unitPrice": 128, "unit": "kg", "qty": 0.35 }
  },
  {
    "title": "Alpen Musli",
    "subtitle": "No Added Sugar, 560 g",
    "category": {
      "sub": "Frokostblandinger og gryn",
      "parent": "Brød og frokostblandinger"
    },
    "price": { "price": 53.8, "unitPrice": 96.07, "unit": "kg", "qty": 0.56 }
  },
  {
    "title": "Honningristet Musli",
    "subtitle": "500 g",
    "category": {
      "sub": "Frokostblandinger og gryn",
      "parent": "Brød og frokostblandinger"
    },
    "price": { "price": 99, "unitPrice": 198, "unit": "kg", "qty": 0.5 }
  },
  {
    "title": "Økologiske Store Havregryn",
    "subtitle": "Steinmalt, 700 g",
    "category": {
      "sub": "Frokostblandinger og gryn",
      "parent": "Brød og frokostblandinger"
    },
    "price": { "price": 44.9, "unitPrice": 64.14, "unit": "kg", "qty": 0.7 }
  },
  {
    "title": "Økologisk Honning og Nøttegranola",
    "subtitle": "340 g",
    "category": {
      "sub": "Frokostblandinger og gryn",
      "parent": "Brød og frokostblandinger"
    },
    "price": { "price": 99, "unitPrice": 291.18, "unit": "kg", "qty": 0.34 }
  },
  {
    "title": "Økologisk Tranebær og Kokosgranola",
    "subtitle": "340 g",
    "category": {
      "sub": "Frokostblandinger og gryn",
      "parent": "Brød og frokostblandinger"
    },
    "price": { "price": 99, "unitPrice": 291.18, "unit": "kg", "qty": 0.34 }
  },
  {
    "title": "Glutenfri Havregryn Lettkokte",
    "subtitle": "1 kg",
    "category": {
      "sub": "Frokostblandinger og gryn",
      "parent": "Brød og frokostblandinger"
    },
    "price": { "price": 29.9, "unitPrice": 29.9, "unit": "kg", "qty": 1 }
  },
  {
    "title": "Havregrøt Med Melk",
    "subtitle": "50 g",
    "category": {
      "sub": "Frokostblandinger og gryn",
      "parent": "Brød og frokostblandinger"
    },
    "price": { "price": 11.4, "unitPrice": 228, "unit": "kg", "qty": 0.05 }
  },
  {
    "title": "Pizzabunn Familie",
    "subtitle": "550 g",
    "category": {
      "sub": "Deiger og bunner",
      "parent": "Brød og frokostblandinger"
    },
    "price": { "price": 20, "unitPrice": 36.36, "unit": "kg", "qty": 0.55 }
  },
  {
    "title": "Fersk Paideig",
    "subtitle": "250 g",
    "category": {
      "sub": "Deiger og bunner",
      "parent": "Brød og frokostblandinger"
    },
    "price": { "price": 34.8, "unitPrice": 139.2, "unit": "kg", "qty": 0.25 }
  },
  {
    "title": "Glutenfri Bunn",
    "subtitle": "260 g",
    "category": {
      "sub": "Deiger og bunner",
      "parent": "Brød og frokostblandinger"
    },
    "price": { "price": 54.3, "unitPrice": 208.85, "unit": "kg", "qty": 0.26 }
  },
  {
    "title": "Peppes Originale Pizzabunn",
    "subtitle": "550 g",
    "category": {
      "sub": "Deiger og bunner",
      "parent": "Brød og frokostblandinger"
    },
    "price": { "price": 41.7, "unitPrice": 75.82, "unit": "kg", "qty": 0.55 }
  },
  {
    "title": "Parata Brød",
    "subtitle": "350 g",
    "category": {
      "sub": "Deiger og bunner",
      "parent": "Brød og frokostblandinger"
    },
    "price": { "price": 27.7, "unitPrice": 79.14, "unit": "kg", "qty": 0.35 }
  },
  {
    "title": "Glutenfri Pizzabunn Lettstekt",
    "subtitle": "350 g",
    "category": {
      "sub": "Deiger og bunner",
      "parent": "Brød og frokostblandinger"
    },
    "price": { "price": 43.5, "unitPrice": 124.29, "unit": "kg", "qty": 0.35 }
  },
  {
    "title": "Pizzabunn Glutenfri",
    "subtitle": "300 g",
    "category": {
      "sub": "Deiger og bunner",
      "parent": "Brød og frokostblandinger"
    },
    "price": { "price": 48.8, "unitPrice": 162.67, "unit": "kg", "qty": 0.3 }
  },
  {
    "title": "Peppes Pizzabunn Italiensk",
    "subtitle": "Firkantet 2-3 Pers, 400 g",
    "category": {
      "sub": "Deiger og bunner",
      "parent": "Brød og frokostblandinger"
    },
    "price": { "price": 42.3, "unitPrice": 105.75, "unit": "kg", "qty": 0.4 }
  },
  {
    "title": "Nysmurt Ciabatta Med Kylling",
    "subtitle": "1 stk",
    "category": { "sub": "Påsmurt", "parent": "Brød og frokostblandinger" },
    "price": { "price": 59.9, "unitPrice": 59.9, "unit": "stk", "qty": 1 }
  },
  {
    "title": "Nysmurt Ciabatta Med Ost & Skinke",
    "subtitle": "1 stk",
    "category": { "sub": "Påsmurt", "parent": "Brød og frokostblandinger" },
    "price": { "price": 59.9, "unitPrice": 59.9, "unit": "stk", "qty": 1 }
  },
  {
    "title": "Nysmurt Ciabatta Med Roastbeef",
    "subtitle": "220 g",
    "category": { "sub": "Påsmurt", "parent": "Brød og frokostblandinger" },
    "price": { "price": 59.9, "unitPrice": 272.27, "unit": "kg", "qty": 0.22 }
  },
  {
    "title": "Nysmurt Ciabatta Med Røkt Laks og Eggerøre",
    "subtitle": "1 stk",
    "category": { "sub": "Påsmurt", "parent": "Brød og frokostblandinger" },
    "price": { "price": 59.9, "unitPrice": 59.9, "unit": "stk", "qty": 1 }
  },
  {
    "title": "Nysmurt Vegetar Wraps",
    "subtitle": "1 stk",
    "category": { "sub": "Påsmurt", "parent": "Brød og frokostblandinger" },
    "price": { "price": 49.9, "unitPrice": 49.9, "unit": "stk", "qty": 1 }
  },
  {
    "title": "Nysmurt Wrap Med Ost og Skinke",
    "subtitle": "1 stk",
    "category": { "sub": "Påsmurt", "parent": "Brød og frokostblandinger" },
    "price": { "price": 49.9, "unitPrice": 49.9, "unit": "stk", "qty": 1 }
  },
  {
    "title": "Glutenfri Wienertoast",
    "subtitle": "2 stk",
    "category": { "sub": "Påsmurt", "parent": "Brød og frokostblandinger" },
    "price": { "price": 38.8, "unitPrice": 215.56, "unit": "kg", "qty": 0.18 }
  },
  {
    "title": "TineMelk Lett",
    "subtitle": "1,75 l",
    "category": { "sub": "Melk", "parent": "Melk, meieriprodukter og egg" },
    "price": { "price": 30.8, "unitPrice": 17.6, "unit": "l", "qty": 1.75 }
  },
  {
    "title": "TineMelk Lett",
    "subtitle": "1 l",
    "category": { "sub": "Melk", "parent": "Melk, meieriprodukter og egg" },
    "price": { "price": 18.8, "unitPrice": 18.8, "unit": "l", "qty": 1 }
  },
  {
    "title": "Q Melk Lett",
    "subtitle": "1,75 l",
    "category": { "sub": "Melk", "parent": "Melk, meieriprodukter og egg" },
    "price": { "price": 29.8, "unitPrice": 17.03, "unit": "l", "qty": 1.75 }
  },
  {
    "title": "Q Melk Lett",
    "subtitle": "1%, 1 l",
    "category": { "sub": "Melk", "parent": "Melk, meieriprodukter og egg" },
    "price": { "price": 17.4, "unitPrice": 17.4, "unit": "l", "qty": 1 }
  },
  {
    "title": "Laktosefri Lettmelk",
    "subtitle": "1 l",
    "category": { "sub": "Melk", "parent": "Melk, meieriprodukter og egg" },
    "price": { "price": 27.8, "unitPrice": 27.8, "unit": "l", "qty": 1 }
  },
  {
    "title": "TineMelk Lett",
    "subtitle": "Laktoseredusert, 1 l",
    "category": { "sub": "Melk", "parent": "Melk, meieriprodukter og egg" },
    "price": { "price": 24.6, "unitPrice": 24.6, "unit": "l", "qty": 1 }
  },
  {
    "title": "TineMelk Økologisk Lett",
    "subtitle": "1,2%, 1 l",
    "category": { "sub": "Melk", "parent": "Melk, meieriprodukter og egg" },
    "price": { "price": 25.4, "unitPrice": 25.4, "unit": "l", "qty": 1 }
  },
  {
    "title": "Langtidsholdbar Melk Lett",
    "subtitle": "1 l",
    "category": { "sub": "Melk", "parent": "Melk, meieriprodukter og egg" },
    "price": { "price": 36.2, "unitPrice": 36.2, "unit": "l", "qty": 1 }
  },
  {
    "title": "Q Melk Lett",
    "subtitle": "0,5%, 1 l",
    "category": { "sub": "Melk", "parent": "Melk, meieriprodukter og egg" },
    "price": { "price": 17.1, "unitPrice": 17.1, "unit": "l", "qty": 1 }
  },
  {
    "title": "TineMelk Lett",
    "subtitle": "0,5%, 1,75 l",
    "category": { "sub": "Melk", "parent": "Melk, meieriprodukter og egg" },
    "price": { "price": 28.8, "unitPrice": 16.46, "unit": "l", "qty": 1.75 }
  },
  {
    "title": "Q Melk Lett",
    "subtitle": "0,5%, 1,75 l",
    "category": { "sub": "Melk", "parent": "Melk, meieriprodukter og egg" },
    "price": { "price": 26.8, "unitPrice": 15.31, "unit": "l", "qty": 1.75 }
  },
  {
    "title": "TineMelk Lett",
    "subtitle": "0,5%, 1 l",
    "category": { "sub": "Melk", "parent": "Melk, meieriprodukter og egg" },
    "price": { "price": 16.9, "unitPrice": 16.9, "unit": "l", "qty": 1 }
  },
  {
    "title": "Laktosefri Melk Lett",
    "subtitle": "0,5%, 1 l",
    "category": { "sub": "Melk", "parent": "Melk, meieriprodukter og egg" },
    "price": { "price": 29.4, "unitPrice": 29.4, "unit": "l", "qty": 1 }
  },
  {
    "title": "TineMelk Lett",
    "subtitle": "0,7%, Økologisk, 1 l",
    "category": { "sub": "Melk", "parent": "Melk, meieriprodukter og egg" },
    "price": { "price": 24.8, "unitPrice": 24.8, "unit": "l", "qty": 1 }
  },
  {
    "title": "Q Melk Skummet",
    "subtitle": "0,1%, 1 l",
    "category": { "sub": "Melk", "parent": "Melk, meieriprodukter og egg" },
    "price": { "price": 16.8, "unitPrice": 16.8, "unit": "l", "qty": 1 }
  },
  {
    "title": "TineMelk Skummet",
    "subtitle": "0,1%, 1 l",
    "category": { "sub": "Melk", "parent": "Melk, meieriprodukter og egg" },
    "price": { "price": 16.9, "unitPrice": 16.9, "unit": "l", "qty": 1 }
  },
  {
    "title": "TineMelk Hel",
    "subtitle": "1,75 l",
    "category": { "sub": "Melk", "parent": "Melk, meieriprodukter og egg" },
    "price": { "price": 34.8, "unitPrice": 19.89, "unit": "l", "qty": 1.75 }
  },
  {
    "title": "Q Helmelk",
    "subtitle": "1 l",
    "category": { "sub": "Melk", "parent": "Melk, meieriprodukter og egg" },
    "price": { "price": 19.8, "unitPrice": 19.8, "unit": "l", "qty": 1 }
  },
  {
    "title": "Tine Helmelk",
    "subtitle": "1 l",
    "category": { "sub": "Melk", "parent": "Melk, meieriprodukter og egg" },
    "price": { "price": 19.4, "unitPrice": 19.4, "unit": "l", "qty": 1 }
  },
  {
    "title": "Tine Laktosefri Helmelk",
    "subtitle": "1 l",
    "category": { "sub": "Melk", "parent": "Melk, meieriprodukter og egg" },
    "price": { "price": 32.8, "unitPrice": 32.8, "unit": "l", "qty": 1 }
  },
  {
    "title": "Langtidsholdbar Helmelk",
    "subtitle": "1 l",
    "category": { "sub": "Melk", "parent": "Melk, meieriprodukter og egg" },
    "price": { "price": 40.1, "unitPrice": 40.1, "unit": "l", "qty": 1 }
  },
  {
    "title": "Tine Helmelk",
    "subtitle": "Økologisk, 1 l",
    "category": { "sub": "Melk", "parent": "Melk, meieriprodukter og egg" },
    "price": { "price": 27, "unitPrice": 27, "unit": "l", "qty": 1 }
  },
  {
    "title": "Biola Bringebærdrikk",
    "subtitle": "1 l",
    "category": { "sub": "Melk", "parent": "Melk, meieriprodukter og egg" },
    "price": { "price": 36.7, "unitPrice": 29.36, "unit": "l", "qty": 1.25 }
  },
  {
    "title": "Biola Jordbær & Rabarbradrikk",
    "subtitle": "1 l",
    "category": { "sub": "Melk", "parent": "Melk, meieriprodukter og egg" },
    "price": { "price": 50.7, "unitPrice": 40.56, "unit": "l", "qty": 1.25 }
  },
  {
    "title": "Biola Mango Zero",
    "subtitle": "1 l",
    "category": { "sub": "Melk", "parent": "Melk, meieriprodukter og egg" },
    "price": { "price": 39.8, "unitPrice": 31.84, "unit": "l", "qty": 1.25 }
  },
  {
    "title": "Biola Jordbærdrikk",
    "subtitle": "1 l",
    "category": { "sub": "Melk", "parent": "Melk, meieriprodukter og egg" },
    "price": { "price": 39.8, "unitPrice": 31.84, "unit": "l", "qty": 1.25 }
  },
  {
    "title": "Biola Syrnet",
    "subtitle": "Lettmelk, 1 l",
    "category": { "sub": "Melk", "parent": "Melk, meieriprodukter og egg" },
    "price": { "price": 29.8, "unitPrice": 23.84, "unit": "l", "qty": 1.25 }
  },
  {
    "title": "Biola Granateple & Bringebær Zero",
    "subtitle": "1 l",
    "category": { "sub": "Melk", "parent": "Melk, meieriprodukter og egg" },
    "price": { "price": 37.8, "unitPrice": 30.24, "unit": "l", "qty": 1.25 }
  },
  {
    "title": "Biola Blåbærdrikk",
    "subtitle": "Laktosefri, 1 l",
    "category": { "sub": "Melk", "parent": "Melk, meieriprodukter og egg" },
    "price": { "price": 40.5, "unitPrice": 32.4, "unit": "l", "qty": 1.25 }
  },
  {
    "title": "Biola Brasil Kokos & Cupuacu",
    "subtitle": "Limited Edition, 1 l",
    "category": { "sub": "Melk", "parent": "Melk, meieriprodukter og egg" },
    "price": { "price": 36.9, "unitPrice": 29.52, "unit": "l", "qty": 1.25 }
  },
  {
    "title": "Biola Blåbærdrikk",
    "subtitle": "1 l",
    "category": { "sub": "Melk", "parent": "Melk, meieriprodukter og egg" },
    "price": { "price": 28.4, "unitPrice": 22.72, "unit": "l", "qty": 1.25 }
  },
  {
    "title": "Biola Rødbet, Eple & Lime",
    "subtitle": "1 l",
    "category": { "sub": "Melk", "parent": "Melk, meieriprodukter og egg" },
    "price": { "price": 31.3, "unitPrice": 25.04, "unit": "l", "qty": 1.25 }
  },
  {
    "title": "BioQ Blåbær & Bringebær",
    "subtitle": "1 l",
    "category": { "sub": "Melk", "parent": "Melk, meieriprodukter og egg" },
    "price": { "price": 46.7, "unitPrice": 46.7, "unit": "l", "qty": 1 }
  },
  {
    "title": "Rørosmjølk Lett, Økologisk",
    "subtitle": "1,2% Fett, 1 l",
    "category": { "sub": "Melk", "parent": "Melk, meieriprodukter og egg" },
    "price": { "price": 19.8, "unitPrice": 19.8, "unit": "l", "qty": 1 }
  },
  {
    "title": "Rørosmjølk Hel Økologisk",
    "subtitle": "4,0% Fett, 1 l",
    "category": { "sub": "Melk", "parent": "Melk, meieriprodukter og egg" },
    "price": { "price": 21.4, "unitPrice": 21.4, "unit": "l", "qty": 1 }
  },
  {
    "title": "Rørosmjølk Økologisk",
    "subtitle": "0,7% Fett, 1 l",
    "category": { "sub": "Melk", "parent": "Melk, meieriprodukter og egg" },
    "price": { "price": 19.4, "unitPrice": 19.4, "unit": "l", "qty": 1 }
  },
  {
    "title": "Økologisk skummet Rørosmjølk",
    "subtitle": "1 l",
    "category": { "sub": "Melk", "parent": "Melk, meieriprodukter og egg" },
    "price": { "price": 23.8, "unitPrice": 23.8, "unit": "l", "qty": 1 }
  },
  {
    "title": "Økologisk Tjukkmjølk",
    "subtitle": "1,5% fett, 1 l",
    "category": { "sub": "Melk", "parent": "Melk, meieriprodukter og egg" },
    "price": { "price": 35.8, "unitPrice": 35.8, "unit": "l", "qty": 1 }
  },
  {
    "title": "Syrna Blå",
    "subtitle": "Økologisk, 1 l",
    "category": { "sub": "Melk", "parent": "Melk, meieriprodukter og egg" },
    "price": { "price": 36.8, "unitPrice": 36.8, "unit": "l", "qty": 1 }
  },
  {
    "title": "Rå Melk Mildt Syrnet",
    "subtitle": "3.9% Naturell, 1 l",
    "category": { "sub": "Melk", "parent": "Melk, meieriprodukter og egg" },
    "price": { "price": 69.9, "unitPrice": 69.9, "unit": "l", "qty": 1 }
  },
  {
    "title": "Kefir",
    "subtitle": "Økologisk, 1 l",
    "category": { "sub": "Melk", "parent": "Melk, meieriprodukter og egg" },
    "price": { "price": 27.9, "unitPrice": 27.9, "unit": "l", "qty": 1 }
  },
  {
    "title": "Kulturmjølk",
    "subtitle": "Skummet, 1 l",
    "category": { "sub": "Melk", "parent": "Melk, meieriprodukter og egg" },
    "price": { "price": 18.7, "unitPrice": 18.7, "unit": "l", "qty": 1 }
  },
  {
    "title": "Kulturmjølk",
    "subtitle": "1 l",
    "category": { "sub": "Melk", "parent": "Melk, meieriprodukter og egg" },
    "price": { "price": 19.4, "unitPrice": 19.4, "unit": "l", "qty": 1 }
  },
  {
    "title": "Styrk Kakao",
    "subtitle": "1 l",
    "category": { "sub": "Melk", "parent": "Melk, meieriprodukter og egg" },
    "price": { "price": 43.8, "unitPrice": 43.8, "unit": "l", "qty": 1 }
  },
  {
    "title": "Styrk Fettfri Melk",
    "subtitle": "1 l",
    "category": { "sub": "Melk", "parent": "Melk, meieriprodukter og egg" },
    "price": { "price": 30.8, "unitPrice": 30.8, "unit": "l", "qty": 1 }
  },
  {
    "title": "Tine Sjokomelk",
    "subtitle": "1 l",
    "category": { "sub": "Melk", "parent": "Melk, meieriprodukter og egg" },
    "price": { "price": 19.6, "unitPrice": 19.6, "unit": "l", "qty": 1 }
  },
  {
    "title": "TINE Laktosefri Sjokomelk",
    "subtitle": "Fettfri, 1 l",
    "category": { "sub": "Melk", "parent": "Melk, meieriprodukter og egg" },
    "price": { "price": 34.9, "unitPrice": 34.9, "unit": "l", "qty": 1 }
  },
  {
    "title": "Litago",
    "subtitle": "Uten Tilsatt Sukker, 1 l",
    "category": { "sub": "Melk", "parent": "Melk, meieriprodukter og egg" },
    "price": { "price": 39.6, "unitPrice": 39.6, "unit": "l", "qty": 1 }
  },
  {
    "title": "Litago Sjokolade",
    "subtitle": "1 l",
    "category": { "sub": "Melk", "parent": "Melk, meieriprodukter og egg" },
    "price": { "price": 27.8, "unitPrice": 27.8, "unit": "l", "qty": 1 }
  },
  {
    "title": "Tine Lettmelk Med Sjokoladesmak",
    "subtitle": "1 l",
    "category": { "sub": "Melk", "parent": "Melk, meieriprodukter og egg" },
    "price": { "price": 28.8, "unitPrice": 28.8, "unit": "l", "qty": 1 }
  },
  {
    "title": "Tinemelk",
    "subtitle": "med Kaffe og kakao, 1 l",
    "category": { "sub": "Melk", "parent": "Melk, meieriprodukter og egg" },
    "price": { "price": 32.8, "unitPrice": 32.8, "unit": "l", "qty": 1 }
  },
  {
    "title": "Tine Lettmelk Med Vanilje",
    "subtitle": "Uten Tilsatt Sukker, 1 l",
    "category": { "sub": "Melk", "parent": "Melk, meieriprodukter og egg" },
    "price": { "price": 28.8, "unitPrice": 28.8, "unit": "l", "qty": 1 }
  },
  {
    "title": "Q-sjokolademelk",
    "subtitle": "1 l",
    "category": { "sub": "Melk", "parent": "Melk, meieriprodukter og egg" },
    "price": { "price": 26.3, "unitPrice": 26.3, "unit": "l", "qty": 1 }
  },
  {
    "title": "Litago Banansplitt",
    "subtitle": "Limited Edition, 0,5 l",
    "category": { "sub": "Melk", "parent": "Melk, meieriprodukter og egg" },
    "price": { "price": 19.8, "unitPrice": 39.6, "unit": "l", "qty": 0.5 }
  },
  {
    "title": "Litago Sjokolade",
    "subtitle": "0,5 l",
    "category": { "sub": "Melk", "parent": "Melk, meieriprodukter og egg" },
    "price": { "price": 15.5, "unitPrice": 31, "unit": "l", "qty": 0.5 }
  },
  {
    "title": "Litago UTEN Tilsatt Sukker",
    "subtitle": "0,5 l",
    "category": { "sub": "Melk", "parent": "Melk, meieriprodukter og egg" },
    "price": { "price": 22.2, "unitPrice": 44.4, "unit": "l", "qty": 0.5 }
  },
  {
    "title": "Litago Sjokolade",
    "subtitle": "Lettere, 0,5 l",
    "category": { "sub": "Melk", "parent": "Melk, meieriprodukter og egg" },
    "price": { "price": 18.8, "unitPrice": 37.6, "unit": "l", "qty": 0.5 }
  },
  {
    "title": "Q-sjokolademelk",
    "subtitle": "0,5 l",
    "category": { "sub": "Melk", "parent": "Melk, meieriprodukter og egg" },
    "price": { "price": 20.8, "unitPrice": 41.6, "unit": "l", "qty": 0.5 }
  },
  {
    "title": "Litago Melk Jordbærsmak",
    "subtitle": "0,5 l",
    "category": { "sub": "Melk", "parent": "Melk, meieriprodukter og egg" },
    "price": { "price": 17.8, "unitPrice": 35.6, "unit": "l", "qty": 0.5 }
  },
  {
    "title": "TineMelk Lett",
    "subtitle": "0,5 l",
    "category": { "sub": "Melk", "parent": "Melk, meieriprodukter og egg" },
    "price": { "price": 12.6, "unitPrice": 25.2, "unit": "l", "qty": 0.5 }
  },
  {
    "title": "Yt Restitusjonsdrikk Kakao",
    "subtitle": "330 ml",
    "category": { "sub": "Melk", "parent": "Melk, meieriprodukter og egg" },
    "price": { "price": 24.1, "unitPrice": 73.03, "unit": "l", "qty": 0.33 }
  },
  {
    "title": "Sjokomelk",
    "subtitle": "0,25 l",
    "category": { "sub": "Melk", "parent": "Melk, meieriprodukter og egg" },
    "price": { "price": 9.9, "unitPrice": 39.6, "unit": "l", "qty": 0.25 }
  },
  {
    "title": "Milkshake Sjokolade",
    "subtitle": "220 ml",
    "category": { "sub": "Melk", "parent": "Melk, meieriprodukter og egg" },
    "price": { "price": 15.3, "unitPrice": 69.55, "unit": "l", "qty": 0.22 }
  },
  {
    "title": "Styrk Kakao",
    "subtitle": "330 ml",
    "category": { "sub": "Melk", "parent": "Melk, meieriprodukter og egg" },
    "price": { "price": 18.8, "unitPrice": 56.97, "unit": "l", "qty": 0.33 }
  },
  {
    "title": "Cocio Classic Flaske",
    "subtitle": "400 ml",
    "category": { "sub": "Melk", "parent": "Melk, meieriprodukter og egg" },
    "price": { "price": 16.8, "unitPrice": 42, "unit": "l", "qty": 0.4 }
  },
  {
    "title": "Protein Sjokolademelk",
    "subtitle": "50% Mindre Sukker, 479 ml",
    "category": { "sub": "Melk", "parent": "Melk, meieriprodukter og egg" },
    "price": { "price": 27.8, "unitPrice": 58.04, "unit": "l", "qty": 0.48 }
  },
  {
    "title": "Konge Sjokomelk",
    "subtitle": "Laktosefri, 0,33 l",
    "category": { "sub": "Melk", "parent": "Melk, meieriprodukter og egg" },
    "price": { "price": 19.1, "unitPrice": 57.88, "unit": "l", "qty": 0.33 }
  },
  {
    "title": "Havredrikk iKaffe",
    "subtitle": "1 l",
    "category": {
      "sub": "Plantebasert drikke",
      "parent": "Melk, meieriprodukter og egg"
    },
    "price": { "price": 32.4, "unitPrice": 32.4, "unit": "l", "qty": 1 }
  },
  {
    "title": "Havredrikk Kalsium",
    "subtitle": "1 l",
    "category": {
      "sub": "Plantebasert drikke",
      "parent": "Melk, meieriprodukter og egg"
    },
    "price": { "price": 24.8, "unitPrice": 24.8, "unit": "l", "qty": 1 }
  },
  {
    "title": "Havredrikk Økologisk",
    "subtitle": "1 l",
    "category": {
      "sub": "Plantebasert drikke",
      "parent": "Melk, meieriprodukter og egg"
    },
    "price": { "price": 26.6, "unitPrice": 26.6, "unit": "l", "qty": 1 }
  },
  {
    "title": "Havredrikk Sjokolade",
    "subtitle": "1 l",
    "category": {
      "sub": "Plantebasert drikke",
      "parent": "Melk, meieriprodukter og egg"
    },
    "price": { "price": 36.4, "unitPrice": 36.4, "unit": "l", "qty": 1 }
  },
  {
    "title": "Oatly Havredrikk Sjokolade",
    "subtitle": "250 ml",
    "category": {
      "sub": "Plantebasert drikke",
      "parent": "Melk, meieriprodukter og egg"
    },
    "price": { "price": 17.3, "unitPrice": 69.2, "unit": "l", "qty": 0.25 }
  },
  {
    "title": "Mandel & Hasselnøttdrikk",
    "subtitle": "Med Kalsium, 1 l",
    "category": {
      "sub": "Plantebasert drikke",
      "parent": "Melk, meieriprodukter og egg"
    },
    "price": { "price": 43.5, "unitPrice": 43.5, "unit": "l", "qty": 1 }
  },
  {
    "title": "Mandel & Havredrikk",
    "subtitle": "Med Kalsium, 1 l",
    "category": {
      "sub": "Plantebasert drikke",
      "parent": "Melk, meieriprodukter og egg"
    },
    "price": { "price": 35.3, "unitPrice": 35.3, "unit": "l", "qty": 1 }
  },
  {
    "title": "Mandeldrikk Usøtet",
    "subtitle": "Med Kalsium, 1 l",
    "category": {
      "sub": "Plantebasert drikke",
      "parent": "Melk, meieriprodukter og egg"
    },
    "price": { "price": 39.2, "unitPrice": 39.2, "unit": "l", "qty": 1 }
  },
  {
    "title": "Risdrikk",
    "subtitle": "Med Kalsium, 1 l",
    "category": {
      "sub": "Plantebasert drikke",
      "parent": "Melk, meieriprodukter og egg"
    },
    "price": { "price": 34.8, "unitPrice": 34.8, "unit": "l", "qty": 1 }
  },
  {
    "title": "Mandeldrikk Usøtet",
    "subtitle": "1 l",
    "category": {
      "sub": "Plantebasert drikke",
      "parent": "Melk, meieriprodukter og egg"
    },
    "price": { "price": 30.5, "unitPrice": 30.5, "unit": "l", "qty": 1 }
  },
  {
    "title": "Soyadrikk Original",
    "subtitle": "Med Kalsium, 1 l",
    "category": {
      "sub": "Plantebasert drikke",
      "parent": "Melk, meieriprodukter og egg"
    },
    "price": { "price": 33.3, "unitPrice": 33.3, "unit": "l", "qty": 1 }
  },
  {
    "title": "Mandeldrikk",
    "subtitle": "1 l",
    "category": {
      "sub": "Plantebasert drikke",
      "parent": "Melk, meieriprodukter og egg"
    },
    "price": { "price": 39.5, "unitPrice": 39.5, "unit": "l", "qty": 1 }
  },
  {
    "title": "Soyadrikk Usøtet",
    "subtitle": "1 l",
    "category": {
      "sub": "Plantebasert drikke",
      "parent": "Melk, meieriprodukter og egg"
    },
    "price": { "price": 29.8, "unitPrice": 29.8, "unit": "l", "qty": 1 }
  },
  {
    "title": "Rice Original",
    "subtitle": "Risdrikk med Kalsium, 1 l",
    "category": {
      "sub": "Plantebasert drikke",
      "parent": "Melk, meieriprodukter og egg"
    },
    "price": { "price": 34.7, "unitPrice": 34.7, "unit": "l", "qty": 1 }
  },
  {
    "title": "Soyadrikk Sjokolade",
    "subtitle": "1 l",
    "category": {
      "sub": "Plantebasert drikke",
      "parent": "Melk, meieriprodukter og egg"
    },
    "price": { "price": 33.8, "unitPrice": 33.8, "unit": "l", "qty": 1 }
  },
  {
    "title": "Havremylk Usøtet",
    "subtitle": "1 l",
    "category": {
      "sub": "Plantebasert drikke",
      "parent": "Melk, meieriprodukter og egg"
    },
    "price": { "price": 38, "unitPrice": 38, "unit": "l", "qty": 1 }
  },
  {
    "title": "Havre & Mandelmylk",
    "subtitle": "1 l",
    "category": {
      "sub": "Plantebasert drikke",
      "parent": "Melk, meieriprodukter og egg"
    },
    "price": { "price": 34.8, "unitPrice": 34.8, "unit": "l", "qty": 1 }
  },
  {
    "title": "Gryr Havredrikk Fyldig Naturell",
    "subtitle": "1 l",
    "category": {
      "sub": "Plantebasert drikke",
      "parent": "Melk, meieriprodukter og egg"
    },
    "price": { "price": 36.8, "unitPrice": 36.8, "unit": "l", "qty": 1 }
  },
  {
    "title": "Gryr Havredrikk Naturell 1,5%",
    "subtitle": "1 l",
    "category": {
      "sub": "Plantebasert drikke",
      "parent": "Melk, meieriprodukter og egg"
    },
    "price": { "price": 32.4, "unitPrice": 32.4, "unit": "l", "qty": 1 }
  },
  {
    "title": "Økologisk Havredrikk med Kalsium",
    "subtitle": "1 l",
    "category": {
      "sub": "Plantebasert drikke",
      "parent": "Melk, meieriprodukter og egg"
    },
    "price": { "price": 30.5, "unitPrice": 30.5, "unit": "l", "qty": 1 }
  },
  {
    "title": "Økologisk Havredrikk med Sjokolade",
    "subtitle": "1 l",
    "category": {
      "sub": "Plantebasert drikke",
      "parent": "Melk, meieriprodukter og egg"
    },
    "price": { "price": 31.6, "unitPrice": 31.6, "unit": "l", "qty": 1 }
  },
  {
    "title": "Økologisk Mandeldrikk",
    "subtitle": "1 l",
    "category": {
      "sub": "Plantebasert drikke",
      "parent": "Melk, meieriprodukter og egg"
    },
    "price": { "price": 29.2, "unitPrice": 29.2, "unit": "l", "qty": 1 }
  },
  {
    "title": "Økologisk Risdrikk",
    "subtitle": "1 l",
    "category": {
      "sub": "Plantebasert drikke",
      "parent": "Melk, meieriprodukter og egg"
    },
    "price": { "price": 30.5, "unitPrice": 30.5, "unit": "l", "qty": 1 }
  },
  {
    "title": "Vegansk Drikk Usøtet",
    "subtitle": "1 l",
    "category": {
      "sub": "Plantebasert drikke",
      "parent": "Melk, meieriprodukter og egg"
    },
    "price": { "price": 31.1, "unitPrice": 31.1, "unit": "l", "qty": 1 }
  },
  {
    "title": "Mandelfløte",
    "subtitle": "200 ml",
    "category": {
      "sub": "Plantebasert drikke",
      "parent": "Melk, meieriprodukter og egg"
    },
    "price": { "price": 29.5, "unitPrice": 147.5, "unit": "l", "qty": 0.2 }
  },
  {
    "title": "Risfløte",
    "subtitle": "Økologisk, 200 ml",
    "category": {
      "sub": "Plantebasert drikke",
      "parent": "Melk, meieriprodukter og egg"
    },
    "price": { "price": 20.7, "unitPrice": 103.5, "unit": "l", "qty": 0.2 }
  },
  {
    "title": "Vegetabilsk Havrefløte iMat",
    "subtitle": "250 ml",
    "category": {
      "sub": "Plantebasert drikke",
      "parent": "Melk, meieriprodukter og egg"
    },
    "price": { "price": 19.4, "unitPrice": 77.6, "unit": "l", "qty": 0.25 }
  },
  {
    "title": "Margarin Brelett",
    "subtitle": "540 g",
    "category": {
      "sub": "Smør og margarin",
      "parent": "Melk, meieriprodukter og egg"
    },
    "price": { "price": 37.4, "unitPrice": 69.26, "unit": "kg", "qty": 0.54 }
  },
  {
    "title": "Berit Nordstrand Smøremyk",
    "subtitle": "400 g",
    "category": {
      "sub": "Smør og margarin",
      "parent": "Melk, meieriprodukter og egg"
    },
    "price": { "price": 41.8, "unitPrice": 104.5, "unit": "kg", "qty": 0.4 }
  },
  {
    "title": "Vita Hjertego' Lett Margarin",
    "subtitle": "370 g",
    "category": {
      "sub": "Smør og margarin",
      "parent": "Melk, meieriprodukter og egg"
    },
    "price": { "price": 29.7, "unitPrice": 80.27, "unit": "kg", "qty": 0.37 }
  },
  {
    "title": "Ekte Meierismør",
    "subtitle": "250 g",
    "category": {
      "sub": "Smør og margarin",
      "parent": "Melk, meieriprodukter og egg"
    },
    "price": { "price": 32.3, "unitPrice": 129.2, "unit": "kg", "qty": 0.25 }
  },
  {
    "title": "Ekte Smør",
    "subtitle": "250 g",
    "category": {
      "sub": "Smør og margarin",
      "parent": "Melk, meieriprodukter og egg"
    },
    "price": { "price": 31.7, "unitPrice": 126.8, "unit": "kg", "qty": 0.25 }
  },
  {
    "title": "Ekte Meierismør",
    "subtitle": "500 g",
    "category": {
      "sub": "Smør og margarin",
      "parent": "Melk, meieriprodukter og egg"
    },
    "price": { "price": 36.9, "unitPrice": 73.8, "unit": "kg", "qty": 0.5 }
  },
  {
    "title": "Røros Smør",
    "subtitle": "Økologisk, 250 g",
    "category": {
      "sub": "Smør og margarin",
      "parent": "Melk, meieriprodukter og egg"
    },
    "price": { "price": 48.8, "unitPrice": 195.2, "unit": "kg", "qty": 0.25 }
  },
  {
    "title": "Usaltet Smør",
    "subtitle": "250 g",
    "category": {
      "sub": "Smør og margarin",
      "parent": "Melk, meieriprodukter og egg"
    },
    "price": { "price": 29.4, "unitPrice": 117.6, "unit": "kg", "qty": 0.25 }
  },
  {
    "title": "Kviteseidsmør",
    "subtitle": "450 g",
    "category": {
      "sub": "Smør og margarin",
      "parent": "Melk, meieriprodukter og egg"
    },
    "price": { "price": 65.8, "unitPrice": 146.22, "unit": "kg", "qty": 0.45 }
  },
  {
    "title": "Olivero Smør- Og Olivenolje",
    "subtitle": "400 g",
    "category": {
      "sub": "Smør og margarin",
      "parent": "Melk, meieriprodukter og egg"
    },
    "price": { "price": 32.8, "unitPrice": 82, "unit": "kg", "qty": 0.4 }
  },
  {
    "title": "Lett Soft Flora",
    "subtitle": "570 g",
    "category": {
      "sub": "Smør og margarin",
      "parent": "Melk, meieriprodukter og egg"
    },
    "price": { "price": 30.8, "unitPrice": 54.04, "unit": "kg", "qty": 0.57 }
  },
  {
    "title": "Soft Flora",
    "subtitle": "Spesial, 380 g",
    "category": {
      "sub": "Smør og margarin",
      "parent": "Melk, meieriprodukter og egg"
    },
    "price": { "price": 39.3, "unitPrice": 103.42, "unit": "kg", "qty": 0.38 }
  },
  {
    "title": "Flytende Melange",
    "subtitle": "520 ml",
    "category": {
      "sub": "Smør og margarin",
      "parent": "Melk, meieriprodukter og egg"
    },
    "price": { "price": 30.6, "unitPrice": 58.85, "unit": "l", "qty": 0.52 }
  },
  {
    "title": "Melange Flytende med Smør",
    "subtitle": "520 ml",
    "category": {
      "sub": "Smør og margarin",
      "parent": "Melk, meieriprodukter og egg"
    },
    "price": { "price": 34.8, "unitPrice": 66.92, "unit": "l", "qty": 0.52 }
  },
  {
    "title": "Vita Flytende Hjertego'",
    "subtitle": "520 ml",
    "category": {
      "sub": "Smør og margarin",
      "parent": "Melk, meieriprodukter og egg"
    },
    "price": { "price": 36.7, "unitPrice": 70.58, "unit": "l", "qty": 0.52 }
  },
  {
    "title": "Flytende med Smør & Olivenolje",
    "subtitle": "520 ml",
    "category": {
      "sub": "Smør og margarin",
      "parent": "Melk, meieriprodukter og egg"
    },
    "price": { "price": 32.8, "unitPrice": 63.08, "unit": "l", "qty": 0.52 }
  },
  {
    "title": "Rapskokos",
    "subtitle": "Flytende, 500 g",
    "category": {
      "sub": "Smør og margarin",
      "parent": "Melk, meieriprodukter og egg"
    },
    "price": { "price": 52.5, "unitPrice": 105, "unit": "kg", "qty": 0.5 }
  },
  {
    "title": "Bremykt Flytende",
    "subtitle": "500 ml",
    "category": {
      "sub": "Smør og margarin",
      "parent": "Melk, meieriprodukter og egg"
    },
    "price": { "price": 39.6, "unitPrice": 79.2, "unit": "l", "qty": 0.5 }
  },
  {
    "title": "Soft Flora Original",
    "subtitle": "400 g",
    "category": {
      "sub": "Smør og margarin",
      "parent": "Melk, meieriprodukter og egg"
    },
    "price": { "price": 30.6, "unitPrice": 76.5, "unit": "kg", "qty": 0.4 }
  },
  {
    "title": "Margarin Vita Hjertego'",
    "subtitle": "370 g",
    "category": {
      "sub": "Smør og margarin",
      "parent": "Melk, meieriprodukter og egg"
    },
    "price": { "price": 33.8, "unitPrice": 91.35, "unit": "kg", "qty": 0.37 }
  },
  {
    "title": "Soft Flora Original",
    "subtitle": "600 g",
    "category": {
      "sub": "Smør og margarin",
      "parent": "Melk, meieriprodukter og egg"
    },
    "price": { "price": 27.6, "unitPrice": 46, "unit": "kg", "qty": 0.6 }
  },
  {
    "title": "Bremykt",
    "subtitle": "390 g",
    "category": {
      "sub": "Smør og margarin",
      "parent": "Melk, meieriprodukter og egg"
    },
    "price": { "price": 30.3, "unitPrice": 77.69, "unit": "kg", "qty": 0.39 }
  },
  {
    "title": "Bremykt",
    "subtitle": "500 g",
    "category": {
      "sub": "Smør og margarin",
      "parent": "Melk, meieriprodukter og egg"
    },
    "price": { "price": 33.9, "unitPrice": 67.8, "unit": "kg", "qty": 0.5 }
  },
  {
    "title": "Lett Soft Flora",
    "subtitle": "370 g",
    "category": {
      "sub": "Smør og margarin",
      "parent": "Melk, meieriprodukter og egg"
    },
    "price": { "price": 25.1, "unitPrice": 67.84, "unit": "kg", "qty": 0.37 }
  },
  {
    "title": "Vita Pro Aktiv",
    "subtitle": "250 g",
    "category": {
      "sub": "Smør og margarin",
      "parent": "Melk, meieriprodukter og egg"
    },
    "price": { "price": 47.4, "unitPrice": 189.6, "unit": "kg", "qty": 0.25 }
  },
  {
    "title": "Melange Margarin",
    "subtitle": "500 g",
    "category": {
      "sub": "Smør og margarin",
      "parent": "Melk, meieriprodukter og egg"
    },
    "price": { "price": 28.5, "unitPrice": 57, "unit": "kg", "qty": 0.5 }
  },
  {
    "title": "Melange Margarin",
    "subtitle": "1 kg",
    "category": {
      "sub": "Smør og margarin",
      "parent": "Melk, meieriprodukter og egg"
    },
    "price": { "price": 54, "unitPrice": 54, "unit": "kg", "qty": 1 }
  },
  {
    "title": "Melange Uten Salt & Melk",
    "subtitle": "500 g",
    "category": {
      "sub": "Smør og margarin",
      "parent": "Melk, meieriprodukter og egg"
    },
    "price": { "price": 31.4, "unitPrice": 62.8, "unit": "kg", "qty": 0.5 }
  },
  {
    "title": "Meierismør",
    "subtitle": "Økologisk, 200 g",
    "category": {
      "sub": "Smør og margarin",
      "parent": "Melk, meieriprodukter og egg"
    },
    "price": { "price": 38.3, "unitPrice": 191.5, "unit": "kg", "qty": 0.2 }
  },
  {
    "title": "Hvitløksmør",
    "subtitle": "90 g",
    "category": {
      "sub": "Smør og margarin",
      "parent": "Melk, meieriprodukter og egg"
    },
    "price": { "price": 26, "unitPrice": 288.89, "unit": "kg", "qty": 0.09 }
  },
  {
    "title": "Kryddersmør",
    "subtitle": "90 g",
    "category": {
      "sub": "Smør og margarin",
      "parent": "Melk, meieriprodukter og egg"
    },
    "price": { "price": 25.1, "unitPrice": 278.89, "unit": "kg", "qty": 0.09 }
  },
  {
    "title": "Laktosefritt Smør",
    "subtitle": "250 g",
    "category": {
      "sub": "Smør og margarin",
      "parent": "Melk, meieriprodukter og egg"
    },
    "price": { "price": 39.4, "unitPrice": 157.6, "unit": "kg", "qty": 0.25 }
  },
  {
    "title": "Setersmør",
    "subtitle": "250 g",
    "category": {
      "sub": "Smør og margarin",
      "parent": "Melk, meieriprodukter og egg"
    },
    "price": { "price": 35.4, "unitPrice": 141.6, "unit": "kg", "qty": 0.25 }
  },
  {
    "title": "Flott Matfett",
    "subtitle": "500 g",
    "category": {
      "sub": "Smør og margarin",
      "parent": "Melk, meieriprodukter og egg"
    },
    "price": { "price": 52.8, "unitPrice": 105.6, "unit": "kg", "qty": 0.5 }
  },
  {
    "title": "Soft Flora Margarin",
    "subtitle": "500 g",
    "category": {
      "sub": "Smør og margarin",
      "parent": "Melk, meieriprodukter og egg"
    },
    "price": { "price": 26.6, "unitPrice": 53.2, "unit": "kg", "qty": 0.5 }
  },
  {
    "title": "Plantemargarin",
    "subtitle": "400 g",
    "category": {
      "sub": "Smør og margarin",
      "parent": "Melk, meieriprodukter og egg"
    },
    "price": { "price": 12.6, "unitPrice": 31.5, "unit": "kg", "qty": 0.4 }
  },
  {
    "title": "Stekemargarin",
    "subtitle": "500 g",
    "category": {
      "sub": "Smør og margarin",
      "parent": "Melk, meieriprodukter og egg"
    },
    "price": { "price": 16.8, "unitPrice": 33.6, "unit": "kg", "qty": 0.5 }
  },
  {
    "title": "Go'vegan Smørepålegg",
    "subtitle": "150 g",
    "category": {
      "sub": "Smør og margarin",
      "parent": "Melk, meieriprodukter og egg"
    },
    "price": { "price": 39.8, "unitPrice": 265.33, "unit": "kg", "qty": 0.15 }
  },
  {
    "title": "Delfia Kokosfett",
    "subtitle": "250 g",
    "category": {
      "sub": "Smør og margarin",
      "parent": "Melk, meieriprodukter og egg"
    },
    "price": { "price": 28.4, "unitPrice": 79.52, "unit": "kg", "qty": 0.36 }
  },
  {
    "title": "Frokostegg Fra Frittgående Høner",
    "subtitle": "Str L, 12 stk",
    "category": { "sub": "Egg", "parent": "Melk, meieriprodukter og egg" },
    "price": { "price": 38.4, "unitPrice": 44.14, "unit": "kg", "qty": 0.87 }
  },
  {
    "title": "Økologiske Egg",
    "subtitle": "Str M/L/XL, 6 stk",
    "category": { "sub": "Egg", "parent": "Melk, meieriprodukter og egg" },
    "price": { "price": 22.5, "unitPrice": 59.21, "unit": "kg", "qty": 0.38 }
  },
  {
    "title": "Solegg Fra frittgående høner",
    "subtitle": "Str M/L/XL, 12 stk",
    "category": { "sub": "Egg", "parent": "Melk, meieriprodukter og egg" },
    "price": { "price": 49.8, "unitPrice": 61.48, "unit": "kg", "qty": 0.81 }
  },
  {
    "title": "Egg fra Frittgående Høner S/M",
    "subtitle": "Storpakk, 18 stk",
    "category": { "sub": "Egg", "parent": "Melk, meieriprodukter og egg" },
    "price": { "price": 39.8, "unitPrice": 39.02, "unit": "kg", "qty": 1.02 }
  },
  {
    "title": "Store Egg Fra Frittgående Høner",
    "subtitle": "Str L, 9 stk",
    "category": { "sub": "Egg", "parent": "Melk, meieriprodukter og egg" },
    "price": { "price": 43.8, "unitPrice": 71.57, "unit": "kg", "qty": 0.61 }
  },
  {
    "title": "Store Egg Fra Frittgående Høner",
    "subtitle": "Str L, 6 stk",
    "category": { "sub": "Egg", "parent": "Melk, meieriprodukter og egg" },
    "price": { "price": 32.6, "unitPrice": 79.9, "unit": "kg", "qty": 0.41 }
  },
  {
    "title": "Solgule Egg Fra Frittgående Høner 6 Pk",
    "subtitle": "Str M/L, 6 stk",
    "category": { "sub": "Egg", "parent": "Melk, meieriprodukter og egg" },
    "price": { "price": 29.5, "unitPrice": 76.82, "unit": "kg", "qty": 0.38 }
  },
  {
    "title": "Egg Fra Frittgående Høner",
    "subtitle": "Str XL, 6 stk",
    "category": { "sub": "Egg", "parent": "Melk, meieriprodukter og egg" },
    "price": { "price": 32.6, "unitPrice": 71.96, "unit": "kg", "qty": 0.45 }
  },
  {
    "title": "Gårdsegg Fra Frittgående Høner",
    "subtitle": "Str M, 24 stk",
    "category": { "sub": "Egg", "parent": "Melk, meieriprodukter og egg" },
    "price": { "price": 68.8, "unitPrice": 49.43, "unit": "kg", "qty": 1.39 }
  },
  {
    "title": "Egg",
    "subtitle": "Str S/M, Vår Laveste Pris, 12 stk",
    "category": { "sub": "Egg", "parent": "Melk, meieriprodukter og egg" },
    "price": { "price": 23.9, "unitPrice": 32.74, "unit": "kg", "qty": 0.73 }
  },
  {
    "title": "Matfløte",
    "subtitle": "18%, 0,3 l",
    "category": {
      "sub": "Fløte og rømmeprodukter",
      "parent": "Melk, meieriprodukter og egg"
    },
    "price": { "price": 13.8, "unitPrice": 46, "unit": "l", "qty": 0.3 }
  },
  {
    "title": "Lett Matfløte 10%",
    "subtitle": "0,3 l",
    "category": {
      "sub": "Fløte og rømmeprodukter",
      "parent": "Melk, meieriprodukter og egg"
    },
    "price": { "price": 21.3, "unitPrice": 71, "unit": "l", "qty": 0.3 }
  },
  {
    "title": "Kaffefløte 10%",
    "subtitle": "0,3 l",
    "category": {
      "sub": "Fløte og rømmeprodukter",
      "parent": "Melk, meieriprodukter og egg"
    },
    "price": { "price": 21.8, "unitPrice": 72.67, "unit": "l", "qty": 0.3 }
  },
  {
    "title": "Q-Kremfløte",
    "subtitle": "0,3 l",
    "category": {
      "sub": "Fløte og rømmeprodukter",
      "parent": "Melk, meieriprodukter og egg"
    },
    "price": { "price": 17.7, "unitPrice": 59, "unit": "l", "qty": 0.3 }
  },
  {
    "title": "Kremfløte",
    "subtitle": "3 dl",
    "category": {
      "sub": "Fløte og rømmeprodukter",
      "parent": "Melk, meieriprodukter og egg"
    },
    "price": { "price": 15.6, "unitPrice": 52, "unit": "l", "qty": 0.3 }
  },
  {
    "title": "Q-lettrømme",
    "subtitle": "18%, 300 g",
    "category": {
      "sub": "Fløte og rømmeprodukter",
      "parent": "Melk, meieriprodukter og egg"
    },
    "price": { "price": 15.7, "unitPrice": 52.33, "unit": "kg", "qty": 0.3 }
  },
  {
    "title": "Q-Drømmelett 5%",
    "subtitle": "300 g",
    "category": {
      "sub": "Fløte og rømmeprodukter",
      "parent": "Melk, meieriprodukter og egg"
    },
    "price": { "price": 18.8, "unitPrice": 62.67, "unit": "kg", "qty": 0.3 }
  },
  {
    "title": "Lettrømme 10%",
    "subtitle": "300 g",
    "category": {
      "sub": "Fløte og rømmeprodukter",
      "parent": "Melk, meieriprodukter og egg"
    },
    "price": { "price": 17.8, "unitPrice": 59.33, "unit": "kg", "qty": 0.3 }
  },
  {
    "title": "Lettrømme",
    "subtitle": "18%, 300 g",
    "category": {
      "sub": "Fløte og rømmeprodukter",
      "parent": "Melk, meieriprodukter og egg"
    },
    "price": { "price": 14.7, "unitPrice": 49, "unit": "kg", "qty": 0.3 }
  },
  {
    "title": "Seterrømme",
    "subtitle": "300 g",
    "category": {
      "sub": "Fløte og rømmeprodukter",
      "parent": "Melk, meieriprodukter og egg"
    },
    "price": { "price": 27.6, "unitPrice": 92, "unit": "kg", "qty": 0.3 }
  },
  {
    "title": "Lettrømme",
    "subtitle": "Økologisk, 300 g",
    "category": {
      "sub": "Fløte og rømmeprodukter",
      "parent": "Melk, meieriprodukter og egg"
    },
    "price": { "price": 21.4, "unitPrice": 71.33, "unit": "kg", "qty": 0.3 }
  },
  {
    "title": "Lettrømme",
    "subtitle": "Laktosefri, 300 g",
    "category": {
      "sub": "Fløte og rømmeprodukter",
      "parent": "Melk, meieriprodukter og egg"
    },
    "price": { "price": 26.3, "unitPrice": 87.67, "unit": "kg", "qty": 0.3 }
  },
  {
    "title": "Crème Fraîche",
    "subtitle": "Lett 18%, 300 g",
    "category": {
      "sub": "Fløte og rømmeprodukter",
      "parent": "Melk, meieriprodukter og egg"
    },
    "price": { "price": 27.4, "unitPrice": 91.33, "unit": "kg", "qty": 0.3 }
  },
  {
    "title": "Crème Fraîche",
    "subtitle": "Original, 300 g",
    "category": {
      "sub": "Fløte og rømmeprodukter",
      "parent": "Melk, meieriprodukter og egg"
    },
    "price": { "price": 23.6, "unitPrice": 78.67, "unit": "kg", "qty": 0.3 }
  },
  {
    "title": "Cottage Cheese",
    "subtitle": "Original, 400 g",
    "category": {
      "sub": "Fløte og rømmeprodukter",
      "parent": "Melk, meieriprodukter og egg"
    },
    "price": { "price": 29.8, "unitPrice": 74.5, "unit": "kg", "qty": 0.4 }
  },
  {
    "title": "Cottage Cheese",
    "subtitle": "Mager, 400 g",
    "category": {
      "sub": "Fløte og rømmeprodukter",
      "parent": "Melk, meieriprodukter og egg"
    },
    "price": { "price": 28.8, "unitPrice": 72, "unit": "kg", "qty": 0.4 }
  },
  {
    "title": "Kesam",
    "subtitle": "Original, 300 g",
    "category": {
      "sub": "Fløte og rømmeprodukter",
      "parent": "Melk, meieriprodukter og egg"
    },
    "price": { "price": 16.2, "unitPrice": 54, "unit": "kg", "qty": 0.3 }
  },
  {
    "title": "Vaniljekesam",
    "subtitle": "300 g",
    "category": {
      "sub": "Fløte og rømmeprodukter",
      "parent": "Melk, meieriprodukter og egg"
    },
    "price": { "price": 22.8, "unitPrice": 76, "unit": "kg", "qty": 0.3 }
  },
  {
    "title": "Kesam Mager",
    "subtitle": "300 g",
    "category": {
      "sub": "Fløte og rømmeprodukter",
      "parent": "Melk, meieriprodukter og egg"
    },
    "price": { "price": 19.8, "unitPrice": 66, "unit": "kg", "qty": 0.3 }
  },
  {
    "title": "Vaniljekesam",
    "subtitle": "Mager, 420 g",
    "category": {
      "sub": "Fløte og rømmeprodukter",
      "parent": "Melk, meieriprodukter og egg"
    },
    "price": { "price": 31.6, "unitPrice": 75.24, "unit": "kg", "qty": 0.42 }
  },
  {
    "title": "Risfløte",
    "subtitle": "Økologisk, 200 ml",
    "category": {
      "sub": "Fløte og rømmeprodukter",
      "parent": "Melk, meieriprodukter og egg"
    },
    "price": { "price": 20.7, "unitPrice": 103.5, "unit": "l", "qty": 0.2 }
  },
  {
    "title": "Mandelfløte",
    "subtitle": "200 ml",
    "category": {
      "sub": "Fløte og rømmeprodukter",
      "parent": "Melk, meieriprodukter og egg"
    },
    "price": { "price": 29.5, "unitPrice": 147.5, "unit": "l", "qty": 0.2 }
  },
  {
    "title": "Vegetabilsk Havrefløte iMat",
    "subtitle": "250 ml",
    "category": {
      "sub": "Fløte og rømmeprodukter",
      "parent": "Melk, meieriprodukter og egg"
    },
    "price": { "price": 19.4, "unitPrice": 77.6, "unit": "l", "qty": 0.25 }
  },
  {
    "title": "iMAT Fraiche",
    "subtitle": "Vegetabilsk, 200 ml",
    "category": {
      "sub": "Fløte og rømmeprodukter",
      "parent": "Melk, meieriprodukter og egg"
    },
    "price": { "price": 30.6, "unitPrice": 153, "unit": "l", "qty": 0.2 }
  },
  {
    "title": "Matfløte",
    "subtitle": "Laktosefri, 0,3 l",
    "category": {
      "sub": "Fløte og rømmeprodukter",
      "parent": "Melk, meieriprodukter og egg"
    },
    "price": { "price": 25.4, "unitPrice": 84.67, "unit": "l", "qty": 0.3 }
  },
  {
    "title": "Kremfløte",
    "subtitle": "Laktosefri, 0,3 l",
    "category": {
      "sub": "Fløte og rømmeprodukter",
      "parent": "Melk, meieriprodukter og egg"
    },
    "price": { "price": 23.3, "unitPrice": 77.67, "unit": "l", "qty": 0.3 }
  },
  {
    "title": "Kremtopp 33%",
    "subtitle": "250 ml",
    "category": {
      "sub": "Fløte og rømmeprodukter",
      "parent": "Melk, meieriprodukter og egg"
    },
    "price": { "price": 47.8, "unitPrice": 191.2, "unit": "l", "qty": 0.25 }
  },
  {
    "title": "Fløte Kokestabil 20%",
    "subtitle": "1 l",
    "category": {
      "sub": "Fløte og rømmeprodukter",
      "parent": "Melk, meieriprodukter og egg"
    },
    "price": { "price": 80.8, "unitPrice": 80.8, "unit": "l", "qty": 1 }
  },
  {
    "title": "Kremfløte",
    "subtitle": "1 l",
    "category": {
      "sub": "Fløte og rømmeprodukter",
      "parent": "Melk, meieriprodukter og egg"
    },
    "price": { "price": 59.9, "unitPrice": 59.9, "unit": "l", "qty": 1 }
  },
  {
    "title": "Matfløte 20% fett",
    "subtitle": "1 l",
    "category": {
      "sub": "Fløte og rømmeprodukter",
      "parent": "Melk, meieriprodukter og egg"
    },
    "price": { "price": 89.4, "unitPrice": 89.4, "unit": "l", "qty": 1 }
  },
  {
    "title": "Økologisk Cottage Cheese",
    "subtitle": "240 g",
    "category": {
      "sub": "Fløte og rømmeprodukter",
      "parent": "Melk, meieriprodukter og egg"
    },
    "price": { "price": 37.4, "unitPrice": 155.83, "unit": "kg", "qty": 0.24 }
  },
  {
    "title": "Ekte Krem 38%",
    "subtitle": "250 g",
    "category": {
      "sub": "Fløte og rømmeprodukter",
      "parent": "Melk, meieriprodukter og egg"
    },
    "price": { "price": 33.9, "unitPrice": 135.6, "unit": "kg", "qty": 0.25 }
  },
  {
    "title": "Menkomel Hvit Topping",
    "subtitle": "250 g",
    "category": {
      "sub": "Fløte og rømmeprodukter",
      "parent": "Melk, meieriprodukter og egg"
    },
    "price": { "price": 39.8, "unitPrice": 159.2, "unit": "kg", "qty": 0.25 }
  },
  {
    "title": "Økologisk Kremfløte",
    "subtitle": "3 dl",
    "category": {
      "sub": "Fløte og rømmeprodukter",
      "parent": "Melk, meieriprodukter og egg"
    },
    "price": { "price": 29.8, "unitPrice": 99.33, "unit": "l", "qty": 0.3 }
  },
  {
    "title": "Økologisk Tjukkmjølk",
    "subtitle": "1,5% fett, 1 l",
    "category": {
      "sub": "Fløte og rømmeprodukter",
      "parent": "Melk, meieriprodukter og egg"
    },
    "price": { "price": 35.8, "unitPrice": 35.8, "unit": "l", "qty": 1 }
  },
  {
    "title": "Q Crème Fraîche",
    "subtitle": "300 g",
    "category": {
      "sub": "Fløte og rømmeprodukter",
      "parent": "Melk, meieriprodukter og egg"
    },
    "price": { "price": 23.7, "unitPrice": 79, "unit": "kg", "qty": 0.3 }
  },
  {
    "title": "Røros Rømme",
    "subtitle": "Økologisk, 250 g",
    "category": {
      "sub": "Fløte og rømmeprodukter",
      "parent": "Melk, meieriprodukter og egg"
    },
    "price": { "price": 38.4, "unitPrice": 153.6, "unit": "kg", "qty": 0.25 }
  },
  {
    "title": "TINE Crème Fraîche Laktosefri",
    "subtitle": "300 g",
    "category": {
      "sub": "Fløte og rømmeprodukter",
      "parent": "Melk, meieriprodukter og egg"
    },
    "price": { "price": 36.4, "unitPrice": 36.4, "unit": "stk", "qty": 1 }
  },
  {
    "title": "TINE Kremfløte 38%",
    "subtitle": "7,5 dl",
    "category": {
      "sub": "Fløte og rømmeprodukter",
      "parent": "Melk, meieriprodukter og egg"
    },
    "price": { "price": 44.8, "unitPrice": 59.73, "unit": "l", "qty": 0.75 }
  },
  {
    "title": "Laktosefri Mager Cottage Cheese",
    "subtitle": "400 g",
    "category": {
      "sub": "Fløte og rømmeprodukter",
      "parent": "Melk, meieriprodukter og egg"
    },
    "price": { "price": 38.4, "unitPrice": 96, "unit": "kg", "qty": 0.4 }
  },
  {
    "title": "Økologisk Lettrømme",
    "subtitle": "10 %, 250 g",
    "category": {
      "sub": "Fløte og rømmeprodukter",
      "parent": "Melk, meieriprodukter og egg"
    },
    "price": { "price": 21, "unitPrice": 84, "unit": "kg", "qty": 0.25 }
  },
  {
    "title": "TINEKremfløte 37%",
    "subtitle": "Langtidsholdbar, 3 dl",
    "category": {
      "sub": "Fløte og rømmeprodukter",
      "parent": "Melk, meieriprodukter og egg"
    },
    "price": { "price": 29.9, "unitPrice": 99.67, "unit": "l", "qty": 0.3 }
  },
  {
    "title": "Upasteurisert Rå Rømme",
    "subtitle": "40%, 250 ml",
    "category": {
      "sub": "Fløte og rømmeprodukter",
      "parent": "Melk, meieriprodukter og egg"
    },
    "price": { "price": 69.9, "unitPrice": 279.6, "unit": "l", "qty": 0.25 }
  },
  {
    "title": "Junior Yoghurt",
    "subtitle": "Fruktmiks 8 x 125g, 1000 g",
    "category": { "sub": "Yoghurt", "parent": "Melk, meieriprodukter og egg" },
    "price": { "price": 43.7, "unitPrice": 43.7, "unit": "kg", "qty": 1 }
  },
  {
    "title": "Yoplait Safari Apeyoghurt",
    "subtitle": "8x125g, 1 kg",
    "category": { "sub": "Yoghurt", "parent": "Melk, meieriprodukter og egg" },
    "price": { "price": 31.8, "unitPrice": 31.8, "unit": "kg", "qty": 1 }
  },
  {
    "title": "Junior Yoghurt Frukt",
    "subtitle": "Uten tilsatt sukker eller søtstoff 8x125g, 1000 g",
    "category": { "sub": "Yoghurt", "parent": "Melk, meieriprodukter og egg" },
    "price": { "price": 51.9, "unitPrice": 51.9, "unit": "kg", "qty": 1 }
  },
  {
    "title": "Gresk Yoghurt Naturell",
    "subtitle": "750 g",
    "category": { "sub": "Yoghurt", "parent": "Melk, meieriprodukter og egg" },
    "price": { "price": 54.1, "unitPrice": 72.13, "unit": "kg", "qty": 0.75 }
  },
  {
    "title": "Yoghurt Gresk Naturell",
    "subtitle": "1 kg",
    "category": { "sub": "Yoghurt", "parent": "Melk, meieriprodukter og egg" },
    "price": { "price": 52.9, "unitPrice": 52.9, "unit": "kg", "qty": 1 }
  },
  {
    "title": "Yoghurt Tyrkisk Naturell 10%",
    "subtitle": "1 kg",
    "category": { "sub": "Yoghurt", "parent": "Melk, meieriprodukter og egg" },
    "price": { "price": 64.8, "unitPrice": 64.8, "unit": "kg", "qty": 1 }
  },
  {
    "title": "Gresk Yoghurt",
    "subtitle": "2% Fett, 350 g",
    "category": { "sub": "Yoghurt", "parent": "Melk, meieriprodukter og egg" },
    "price": { "price": 29.7, "unitPrice": 84.86, "unit": "kg", "qty": 0.35 }
  },
  {
    "title": "Frokostyoghurt Vanilje",
    "subtitle": "Pose, 800 g",
    "category": { "sub": "Yoghurt", "parent": "Melk, meieriprodukter og egg" },
    "price": { "price": 33.8, "unitPrice": 42.25, "unit": "kg", "qty": 0.8 }
  },
  {
    "title": "Q Frokostyoghurt Melon & Pasjonsfrukt",
    "subtitle": "125 g",
    "category": { "sub": "Yoghurt", "parent": "Melk, meieriprodukter og egg" },
    "price": { "price": 14.8, "unitPrice": 118.4, "unit": "kg", "qty": 0.13 }
  },
  {
    "title": "Q Frokostyoghurt Blåbær",
    "subtitle": "125 g",
    "category": { "sub": "Yoghurt", "parent": "Melk, meieriprodukter og egg" },
    "price": { "price": 14.8, "unitPrice": 118.4, "unit": "kg", "qty": 0.13 }
  },
  {
    "title": "Frokostyoghurt Naturell",
    "subtitle": "Pose, 800 g",
    "category": { "sub": "Yoghurt", "parent": "Melk, meieriprodukter og egg" },
    "price": { "price": 29.8, "unitPrice": 37.25, "unit": "kg", "qty": 0.8 }
  },
  {
    "title": "Q Frokostyoghurt Melon & Pasjonsfrukt",
    "subtitle": "Pose, 800 g",
    "category": { "sub": "Yoghurt", "parent": "Melk, meieriprodukter og egg" },
    "price": { "price": 33.8, "unitPrice": 42.25, "unit": "kg", "qty": 0.8 }
  },
  {
    "title": "Q Frokostyoghurt Jordbær",
    "subtitle": "800 g",
    "category": { "sub": "Yoghurt", "parent": "Melk, meieriprodukter og egg" },
    "price": { "price": 33.8, "unitPrice": 42.25, "unit": "kg", "qty": 0.8 }
  },
  {
    "title": "Skyr Mini Jordbær",
    "subtitle": "Pose, 90 g",
    "category": { "sub": "Yoghurt", "parent": "Melk, meieriprodukter og egg" },
    "price": { "price": 13.8, "unitPrice": 153.33, "unit": "kg", "qty": 0.09 }
  },
  {
    "title": "Skyr Mini Bringebær",
    "subtitle": "90 g",
    "category": { "sub": "Yoghurt", "parent": "Melk, meieriprodukter og egg" },
    "price": { "price": 13.8, "unitPrice": 153.33, "unit": "kg", "qty": 0.09 }
  },
  {
    "title": "Skyr Mini Banan",
    "subtitle": "Pose, 90 g",
    "category": { "sub": "Yoghurt", "parent": "Melk, meieriprodukter og egg" },
    "price": { "price": 13.8, "unitPrice": 153.33, "unit": "kg", "qty": 0.09 }
  },
  {
    "title": "Skyr Skogsbær Pose",
    "subtitle": "125 g",
    "category": { "sub": "Yoghurt", "parent": "Melk, meieriprodukter og egg" },
    "price": { "price": 18.8, "unitPrice": 150.4, "unit": "kg", "qty": 0.13 }
  },
  {
    "title": "Junior Yoghurt",
    "subtitle": "Blåbær, 90 g",
    "category": { "sub": "Yoghurt", "parent": "Melk, meieriprodukter og egg" },
    "price": { "price": 15.4, "unitPrice": 171.11, "unit": "kg", "qty": 0.09 }
  },
  {
    "title": "Junior Yoghurt",
    "subtitle": "Jordbær, 90 g",
    "category": { "sub": "Yoghurt", "parent": "Melk, meieriprodukter og egg" },
    "price": { "price": 15.4, "unitPrice": 171.11, "unit": "kg", "qty": 0.09 }
  },
  {
    "title": "Danonino Drikkeyoghurt",
    "subtitle": "Jordbær 4x100g, 400 g",
    "category": { "sub": "Yoghurt", "parent": "Melk, meieriprodukter og egg" },
    "price": { "price": 27.8, "unitPrice": 69.5, "unit": "kg", "qty": 0.4 }
  },
  {
    "title": "Drikkeyoghurt",
    "subtitle": "Bringebær 4x100g, 400 g",
    "category": { "sub": "Yoghurt", "parent": "Melk, meieriprodukter og egg" },
    "price": { "price": 35.6, "unitPrice": 89, "unit": "kg", "qty": 0.4 }
  },
  {
    "title": "Yoghurt Mix No1",
    "subtitle": "6x50g, 300 g",
    "category": { "sub": "Yoghurt", "parent": "Melk, meieriprodukter og egg" },
    "price": { "price": 19.7, "unitPrice": 65.67, "unit": "kg", "qty": 0.3 }
  },
  {
    "title": "Q Barneyoghurt Banan",
    "subtitle": "135 g",
    "category": { "sub": "Yoghurt", "parent": "Melk, meieriprodukter og egg" },
    "price": { "price": 14.8, "unitPrice": 109.63, "unit": "kg", "qty": 0.13 }
  },
  {
    "title": "Q Barneyoghurt Bringebær",
    "subtitle": "135 g",
    "category": { "sub": "Yoghurt", "parent": "Melk, meieriprodukter og egg" },
    "price": { "price": 14.8, "unitPrice": 109.63, "unit": "kg", "qty": 0.13 }
  },
  {
    "title": "Rislunsj Med Jordbær",
    "subtitle": "Piano, 150 g",
    "category": { "sub": "Yoghurt", "parent": "Melk, meieriprodukter og egg" },
    "price": { "price": 9.8, "unitPrice": 65.33, "unit": "kg", "qty": 0.15 }
  },
  {
    "title": "Rislunsj med Bringebær & Blåbær",
    "subtitle": "Piano, 150 g",
    "category": { "sub": "Yoghurt", "parent": "Melk, meieriprodukter og egg" },
    "price": { "price": 9.9, "unitPrice": 66, "unit": "kg", "qty": 0.15 }
  },
  {
    "title": "Rislunsj Med Bringebær & Rips",
    "subtitle": "Piano, 150 g",
    "category": { "sub": "Yoghurt", "parent": "Melk, meieriprodukter og egg" },
    "price": { "price": 9.9, "unitPrice": 66, "unit": "kg", "qty": 0.15 }
  },
  {
    "title": "Byggrynslunsj med Bringebær",
    "subtitle": "150 g",
    "category": { "sub": "Yoghurt", "parent": "Melk, meieriprodukter og egg" },
    "price": { "price": 16.7, "unitPrice": 111.33, "unit": "kg", "qty": 0.15 }
  },
  {
    "title": "Havrelunsj med Eple og Kanel",
    "subtitle": "150 g",
    "category": { "sub": "Yoghurt", "parent": "Melk, meieriprodukter og egg" },
    "price": { "price": 14.8, "unitPrice": 98.67, "unit": "kg", "qty": 0.15 }
  },
  {
    "title": "Byggrynslunsj med Blåbær",
    "subtitle": "150 g",
    "category": { "sub": "Yoghurt", "parent": "Melk, meieriprodukter og egg" },
    "price": { "price": 16.8, "unitPrice": 112, "unit": "kg", "qty": 0.15 }
  },
  {
    "title": "Byggrynslunsj med Jordbær",
    "subtitle": "150 g",
    "category": { "sub": "Yoghurt", "parent": "Melk, meieriprodukter og egg" },
    "price": { "price": 16.4, "unitPrice": 109.33, "unit": "kg", "qty": 0.15 }
  },
  {
    "title": "Byggrynslunsj UTEN",
    "subtitle": "Med Jordbær & Lime, 150 g",
    "category": { "sub": "Yoghurt", "parent": "Melk, meieriprodukter og egg" },
    "price": { "price": 15.8, "unitPrice": 105.33, "unit": "kg", "qty": 0.15 }
  },
  {
    "title": "Byggrynslunsj UTEN",
    "subtitle": "Med Eple & Pære, 150 g",
    "category": { "sub": "Yoghurt", "parent": "Melk, meieriprodukter og egg" },
    "price": { "price": 16.4, "unitPrice": 109.33, "unit": "kg", "qty": 0.15 }
  },
  {
    "title": "Havrelunsj med Hagebær",
    "subtitle": "150 g",
    "category": { "sub": "Yoghurt", "parent": "Melk, meieriprodukter og egg" },
    "price": { "price": 19.6, "unitPrice": 130.67, "unit": "kg", "qty": 0.15 }
  },
  {
    "title": "Go' Morgen",
    "subtitle": "Vaniljeyoghurt med Müsli, 195 g",
    "category": { "sub": "Yoghurt", "parent": "Melk, meieriprodukter og egg" },
    "price": { "price": 13.7, "unitPrice": 70.26, "unit": "kg", "qty": 0.19 }
  },
  {
    "title": "Go' Morgen",
    "subtitle": "Jordbær med 4-kornmüsli, 195 g",
    "category": { "sub": "Yoghurt", "parent": "Melk, meieriprodukter og egg" },
    "price": { "price": 13.7, "unitPrice": 70.26, "unit": "kg", "qty": 0.19 }
  },
  {
    "title": "Go' Morgen",
    "subtitle": "Mango- og banan med fruktmüsli, 195 g",
    "category": { "sub": "Yoghurt", "parent": "Melk, meieriprodukter og egg" },
    "price": { "price": 13.7, "unitPrice": 70.26, "unit": "kg", "qty": 0.19 }
  },
  {
    "title": "Go' Morgen",
    "subtitle": "Melon- og pasjonsfrukt med 4-kornmüsli, 195 g",
    "category": { "sub": "Yoghurt", "parent": "Melk, meieriprodukter og egg" },
    "price": { "price": 13.7, "unitPrice": 70.26, "unit": "kg", "qty": 0.19 }
  },
  {
    "title": "Go' Morgen",
    "subtitle": "Skogsbæryoghurt med 4-kornmüsli, 195 g",
    "category": { "sub": "Yoghurt", "parent": "Melk, meieriprodukter og egg" },
    "price": { "price": 12.9, "unitPrice": 66.15, "unit": "kg", "qty": 0.2 }
  },
  {
    "title": "Go' Morgen",
    "subtitle": "Vaniljeyoghurt med nøttemix, 195 g",
    "category": { "sub": "Yoghurt", "parent": "Melk, meieriprodukter og egg" },
    "price": { "price": 13.8, "unitPrice": 70.77, "unit": "kg", "qty": 0.19 }
  },
  {
    "title": "Go'morgen Bringebær",
    "subtitle": "Uten, 190 g",
    "category": { "sub": "Yoghurt", "parent": "Melk, meieriprodukter og egg" },
    "price": { "price": 13.8, "unitPrice": 72.63, "unit": "kg", "qty": 0.19 }
  },
  {
    "title": "Go'morgen Uten",
    "subtitle": "Mango, 190 g",
    "category": { "sub": "Yoghurt", "parent": "Melk, meieriprodukter og egg" },
    "price": { "price": 17.8, "unitPrice": 93.68, "unit": "kg", "qty": 0.19 }
  },
  {
    "title": "Go'morgen Gresk",
    "subtitle": "Naturell med Crüsli, 195 g",
    "category": { "sub": "Yoghurt", "parent": "Melk, meieriprodukter og egg" },
    "price": { "price": 16.8, "unitPrice": 86.15, "unit": "kg", "qty": 0.2 }
  },
  {
    "title": "Go'morgen Jordbær & Lime",
    "subtitle": "Uten, 190 g",
    "category": { "sub": "Yoghurt", "parent": "Melk, meieriprodukter og egg" },
    "price": { "price": 13.8, "unitPrice": 72.63, "unit": "kg", "qty": 0.19 }
  },
  {
    "title": "Go' Morgen Uten",
    "subtitle": "Vanilje, 190 g",
    "category": { "sub": "Yoghurt", "parent": "Melk, meieriprodukter og egg" },
    "price": { "price": 13.8, "unitPrice": 72.63, "unit": "kg", "qty": 0.19 }
  },
  {
    "title": "Økologisk Røros Yoghurt",
    "subtitle": "450 g",
    "category": { "sub": "Yoghurt", "parent": "Melk, meieriprodukter og egg" },
    "price": { "price": 31.8, "unitPrice": 70.67, "unit": "kg", "qty": 0.45 }
  },
  {
    "title": "Økologisk Røros Yoghurt",
    "subtitle": "Med Jordbær & Rabarbra, 470 g",
    "category": { "sub": "Yoghurt", "parent": "Melk, meieriprodukter og egg" },
    "price": { "price": 37.5, "unitPrice": 79.79, "unit": "kg", "qty": 0.47 }
  },
  {
    "title": "Økologisk Yoghurt",
    "subtitle": "Med Tyttebær, 450 g",
    "category": { "sub": "Yoghurt", "parent": "Melk, meieriprodukter og egg" },
    "price": { "price": 41.5, "unitPrice": 92.22, "unit": "kg", "qty": 0.45 }
  },
  {
    "title": "Økologisk Røros Yoghurt",
    "subtitle": "Med Vanilje & Honning, 470 g",
    "category": { "sub": "Yoghurt", "parent": "Melk, meieriprodukter og egg" },
    "price": { "price": 40.4, "unitPrice": 85.96, "unit": "kg", "qty": 0.47 }
  },
  {
    "title": "Yoghurt Naturell",
    "subtitle": "850 g",
    "category": { "sub": "Yoghurt", "parent": "Melk, meieriprodukter og egg" },
    "price": { "price": 25.8, "unitPrice": 30.35, "unit": "kg", "qty": 0.85 }
  },
  {
    "title": "Yoghurt Vanilje",
    "subtitle": "500 g",
    "category": { "sub": "Yoghurt", "parent": "Melk, meieriprodukter og egg" },
    "price": { "price": 17.7, "unitPrice": 35.4, "unit": "kg", "qty": 0.5 }
  },
  {
    "title": "Yoghurt",
    "subtitle": "Med Granateple & Bringebær, 850 g",
    "category": { "sub": "Yoghurt", "parent": "Melk, meieriprodukter og egg" },
    "price": { "price": 34.8, "unitPrice": 40.94, "unit": "kg", "qty": 0.85 }
  },
  {
    "title": "Yoghurt Vanilje",
    "subtitle": "850 g",
    "category": { "sub": "Yoghurt", "parent": "Melk, meieriprodukter og egg" },
    "price": { "price": 31.7, "unitPrice": 37.29, "unit": "kg", "qty": 0.85 }
  },
  {
    "title": "Yoghurt",
    "subtitle": "Laktosefri, 500 g",
    "category": { "sub": "Yoghurt", "parent": "Melk, meieriprodukter og egg" },
    "price": { "price": 19.6, "unitPrice": 39.2, "unit": "kg", "qty": 0.5 }
  },
  {
    "title": "Yoghurt Naturell",
    "subtitle": "500 g",
    "category": { "sub": "Yoghurt", "parent": "Melk, meieriprodukter og egg" },
    "price": { "price": 15.9, "unitPrice": 31.8, "unit": "kg", "qty": 0.5 }
  },
  {
    "title": "Biola Yoghurt Mild Med Fiber",
    "subtitle": "500 g",
    "category": { "sub": "Yoghurt", "parent": "Melk, meieriprodukter og egg" },
    "price": { "price": 21.3, "unitPrice": 42.6, "unit": "kg", "qty": 0.5 }
  },
  {
    "title": "Gresk Yoghurt Vanilje",
    "subtitle": "350 g",
    "category": { "sub": "Yoghurt", "parent": "Melk, meieriprodukter og egg" },
    "price": { "price": 29.7, "unitPrice": 84.86, "unit": "kg", "qty": 0.35 }
  },
  {
    "title": "Yoghurt Melon & Pasjon",
    "subtitle": "500 g",
    "category": { "sub": "Yoghurt", "parent": "Melk, meieriprodukter og egg" },
    "price": { "price": 19.4, "unitPrice": 38.8, "unit": "kg", "qty": 0.5 }
  },
  {
    "title": "Yoghurt Kirsebær",
    "subtitle": "500 g",
    "category": { "sub": "Yoghurt", "parent": "Melk, meieriprodukter og egg" },
    "price": { "price": 19.8, "unitPrice": 39.6, "unit": "kg", "qty": 0.5 }
  },
  {
    "title": "TINE Yoghurt Mango og Pasjon",
    "subtitle": "850 g",
    "category": { "sub": "Yoghurt", "parent": "Melk, meieriprodukter og egg" },
    "price": { "price": 36.8, "unitPrice": 43.29, "unit": "kg", "qty": 0.85 }
  },
  {
    "title": "Yoghurt Skogsbær",
    "subtitle": "500 g",
    "category": { "sub": "Yoghurt", "parent": "Melk, meieriprodukter og egg" },
    "price": { "price": 19.3, "unitPrice": 38.6, "unit": "kg", "qty": 0.5 }
  },
  {
    "title": "Yoghurt Jordbær",
    "subtitle": "500 g",
    "category": { "sub": "Yoghurt", "parent": "Melk, meieriprodukter og egg" },
    "price": { "price": 18.2, "unitPrice": 36.4, "unit": "kg", "qty": 0.5 }
  },
  {
    "title": "TINE Protein Yoghurt Vanilje",
    "subtitle": "420 g",
    "category": { "sub": "Yoghurt", "parent": "Melk, meieriprodukter og egg" },
    "price": { "price": 27.7, "unitPrice": 65.95, "unit": "kg", "qty": 0.42 }
  },
  {
    "title": "TINE Protein Yoghurt med Pasjonsfrukt",
    "subtitle": "420 g",
    "category": { "sub": "Yoghurt", "parent": "Melk, meieriprodukter og egg" },
    "price": { "price": 27.6, "unitPrice": 65.71, "unit": "kg", "qty": 0.42 }
  },
  {
    "title": "Skyr Bringebær & Pannacotta",
    "subtitle": "160 g",
    "category": { "sub": "Yoghurt", "parent": "Melk, meieriprodukter og egg" },
    "price": { "price": 13.9, "unitPrice": 86.88, "unit": "kg", "qty": 0.16 }
  },
  {
    "title": "Skyr Appelsin & Mango",
    "subtitle": "160 g",
    "category": { "sub": "Yoghurt", "parent": "Melk, meieriprodukter og egg" },
    "price": { "price": 16.8, "unitPrice": 105, "unit": "kg", "qty": 0.16 }
  },
  {
    "title": "Skyr Blåbær & Vanilje",
    "subtitle": "160 g",
    "category": { "sub": "Yoghurt", "parent": "Melk, meieriprodukter og egg" },
    "price": { "price": 13.9, "unitPrice": 86.88, "unit": "kg", "qty": 0.16 }
  },
  {
    "title": "Skyr Jordbær & Lime",
    "subtitle": "160 g",
    "category": { "sub": "Yoghurt", "parent": "Melk, meieriprodukter og egg" },
    "price": { "price": 13.9, "unitPrice": 86.88, "unit": "kg", "qty": 0.16 }
  },
  {
    "title": "Tine Yoghurt Nyt Lakris",
    "subtitle": "127 g",
    "category": { "sub": "Yoghurt", "parent": "Melk, meieriprodukter og egg" },
    "price": { "price": 18.6, "unitPrice": 146.46, "unit": "kg", "qty": 0.13 }
  },
  {
    "title": "Piano Duo Yoghurt",
    "subtitle": "Sjokolade og sjokocrisp, 122 g",
    "category": { "sub": "Yoghurt", "parent": "Melk, meieriprodukter og egg" },
    "price": { "price": 12.9, "unitPrice": 105.74, "unit": "kg", "qty": 0.12 }
  },
  {
    "title": "Piano Duo Yoghurt og Nøttetoffee",
    "subtitle": "119 g",
    "category": { "sub": "Yoghurt", "parent": "Melk, meieriprodukter og egg" },
    "price": { "price": 13.8, "unitPrice": 115.97, "unit": "kg", "qty": 0.12 }
  },
  {
    "title": "Gresk Yoghurt Pekan & Honning",
    "subtitle": "160 g",
    "category": { "sub": "Yoghurt", "parent": "Melk, meieriprodukter og egg" },
    "price": { "price": 29.8, "unitPrice": 186.25, "unit": "kg", "qty": 0.16 }
  },
  {
    "title": "Indrefilet av Kalv Med Parmaskinke og Parmesan",
    "subtitle": "ca. 1 kg",
    "category": { "sub": "Storfe", "parent": "Kjøtt og kylling" },
    "price": { "price": 569, "unitPrice": 569, "unit": "kg", "qty": 1 }
  },
  {
    "title": "Hellstrøms Entrecote av Angus",
    "subtitle": "Til ca. 2 Personer",
    "category": { "sub": "Storfe", "parent": "Kjøtt og kylling" },
    "price": { "price": 232.3, "unitPrice": 580.75, "unit": "kg", "qty": 0.4 }
  },
  {
    "title": "Hel Entrecote av Storfe",
    "subtitle": "Ca 3kg",
    "category": { "sub": "Storfe", "parent": "Kjøtt og kylling" },
    "price": { "price": 999, "unitPrice": 333, "unit": "kg", "qty": 3 }
  },
  {
    "title": "Hellstrøms Indrefilet av Angus",
    "subtitle": "Til 1 Person, ca. 200 g",
    "category": { "sub": "Storfe", "parent": "Kjøtt og kylling" },
    "price": { "price": 158.5, "unitPrice": 792.5, "unit": "kg", "qty": 0.2 }
  },
  {
    "title": "Hellstrøms Indrefilet av Angus",
    "subtitle": "ca. 400 g",
    "category": { "sub": "Storfe", "parent": "Kjøtt og kylling" },
    "price": { "price": 274.5, "unitPrice": 686.25, "unit": "kg", "qty": 0.4 }
  },
  {
    "title": "Hellstrøms Indrefilet av Angus",
    "subtitle": "Til 4 Personer, ca. 800 g",
    "category": { "sub": "Storfe", "parent": "Kjøtt og kylling" },
    "price": { "price": 528, "unitPrice": 660, "unit": "kg", "qty": 0.8 }
  },
  {
    "title": "Hel Indrefilet av Storfe",
    "subtitle": "1,8 kg",
    "category": { "sub": "Storfe", "parent": "Kjøtt og kylling" },
    "price": { "price": 699, "unitPrice": 388.33, "unit": "kg", "qty": 1.8 }
  },
  {
    "title": "Hel Ytrefilet av Okse",
    "subtitle": "2 kg",
    "category": { "sub": "Storfe", "parent": "Kjøtt og kylling" },
    "price": { "price": 549, "unitPrice": 274.5, "unit": "kg", "qty": 2 }
  },
  {
    "title": "Hellstrøms Ytrefilet av Angus",
    "subtitle": "Til ca. 4 Personer",
    "category": { "sub": "Storfe", "parent": "Kjøtt og kylling" },
    "price": { "price": 496.4, "unitPrice": 620.5, "unit": "kg", "qty": 0.8 }
  },
  {
    "title": "Hellstrøms Ytrefilet av Angus",
    "subtitle": "ca. 200 g",
    "category": { "sub": "Storfe", "parent": "Kjøtt og kylling" },
    "price": { "price": 137.3, "unitPrice": 686.5, "unit": "kg", "qty": 0.2 }
  },
  {
    "title": "Hellstrøms Ytrefilet av Angus",
    "subtitle": "Til 2 Personer, 400 g",
    "category": { "sub": "Storfe", "parent": "Kjøtt og kylling" },
    "price": { "price": 264, "unitPrice": 660, "unit": "kg", "qty": 0.4 }
  },
  {
    "title": "Hellstrøms Côte De Boeuf av Angus",
    "subtitle": "Til 3-4 Personer, 800 g",
    "category": { "sub": "Storfe", "parent": "Kjøtt og kylling" },
    "price": { "price": 528, "unitPrice": 660, "unit": "kg", "qty": 0.8 }
  },
  {
    "title": "Okse T-benstek",
    "subtitle": "380 g",
    "category": { "sub": "Storfe", "parent": "Kjøtt og kylling" },
    "price": { "price": 208, "unitPrice": 547.37, "unit": "kg", "qty": 0.38 }
  },
  {
    "title": "Panert Kalvesnitzel",
    "subtitle": "2 stk, ca. 500 g",
    "category": { "sub": "Storfe", "parent": "Kjøtt og kylling" },
    "price": { "price": 139, "unitPrice": 278, "unit": "kg", "qty": 0.5 }
  },
  {
    "title": "Okse Bibringe",
    "subtitle": "600 g",
    "category": { "sub": "Storfe", "parent": "Kjøtt og kylling" },
    "price": { "price": 91.6, "unitPrice": 152.67, "unit": "kg", "qty": 0.6 }
  },
  {
    "title": "Okse Høyrygg i Terninger",
    "subtitle": "500 g",
    "category": { "sub": "Storfe", "parent": "Kjøtt og kylling" },
    "price": { "price": 147.7, "unitPrice": 295.4, "unit": "kg", "qty": 0.5 }
  },
  {
    "title": "Oksehaler",
    "subtitle": "Fryst, 1 kg",
    "category": { "sub": "Storfe", "parent": "Kjøtt og kylling" },
    "price": { "price": 129.6, "unitPrice": 129.6, "unit": "kg", "qty": 1 }
  },
  {
    "title": "Pampas Entrecôte Av Storfe",
    "subtitle": "100% Grass Fed, 250 g",
    "category": { "sub": "Storfe", "parent": "Kjøtt og kylling" },
    "price": { "price": 110.3, "unitPrice": 441.2, "unit": "kg", "qty": 0.25 }
  },
  {
    "title": "Pampas Ytrefilet",
    "subtitle": "100% Grass fed, 200 g",
    "category": { "sub": "Storfe", "parent": "Kjøtt og kylling" },
    "price": { "price": 110.3, "unitPrice": 551.5, "unit": "kg", "qty": 0.2 }
  },
  {
    "title": "Konge Entrecote",
    "subtitle": "400 g",
    "category": { "sub": "Storfe", "parent": "Kjøtt og kylling" },
    "price": { "price": 99, "unitPrice": 247.5, "unit": "kg", "qty": 0.4 }
  },
  {
    "title": "Storfe Indrefilet",
    "subtitle": "ca. 310 g",
    "category": { "sub": "Storfe", "parent": "Kjøtt og kylling" },
    "price": { "price": 209.7, "unitPrice": 676.45, "unit": "kg", "qty": 0.31 }
  },
  {
    "title": "Storfe Entrecote",
    "subtitle": "ca. 400 g",
    "category": { "sub": "Storfe", "parent": "Kjøtt og kylling" },
    "price": { "price": 183.3, "unitPrice": 458.25, "unit": "kg", "qty": 0.4 }
  },
  {
    "title": "Storfe Pepperbiff",
    "subtitle": "ca. 390 g",
    "category": { "sub": "Storfe", "parent": "Kjøtt og kylling" },
    "price": { "price": 184.7, "unitPrice": 473.59, "unit": "kg", "qty": 0.39 }
  },
  {
    "title": "Storfe Ytrefilet",
    "subtitle": "1 Stk, ca. 350 g",
    "category": { "sub": "Storfe", "parent": "Kjøtt og kylling" },
    "price": { "price": 184.7, "unitPrice": 527.71, "unit": "kg", "qty": 0.35 }
  },
  {
    "title": "Storfe Mørbradbiff",
    "subtitle": "ca. 365 g",
    "category": { "sub": "Storfe", "parent": "Kjøtt og kylling" },
    "price": { "price": 144.1, "unitPrice": 394.79, "unit": "kg", "qty": 0.37 }
  },
  {
    "title": "Storfe Biffstrimler",
    "subtitle": "300 g",
    "category": { "sub": "Storfe", "parent": "Kjøtt og kylling" },
    "price": { "price": 69.5, "unitPrice": 231.67, "unit": "kg", "qty": 0.3 }
  },
  {
    "title": "Indrefilet av Storfe i Skiver",
    "subtitle": "Prima, ca. 200 g",
    "category": { "sub": "Storfe", "parent": "Kjøtt og kylling" },
    "price": { "price": 83.8, "unitPrice": 419, "unit": "kg", "qty": 0.2 }
  },
  {
    "title": "Entrecote av Storfe i Skiver",
    "subtitle": "Vår laveste pris, ca. 250 g",
    "category": { "sub": "Storfe", "parent": "Kjøtt og kylling" },
    "price": { "price": 38.8, "unitPrice": 155.2, "unit": "kg", "qty": 0.25 }
  },
  {
    "title": "Mørbradbiff av Storfe i Skiver",
    "subtitle": "ca. 200 g",
    "category": { "sub": "Storfe", "parent": "Kjøtt og kylling" },
    "price": { "price": 42.4, "unitPrice": 212, "unit": "kg", "qty": 0.2 }
  },
  {
    "title": "Ytrefilet av Storfe i Skiver",
    "subtitle": "ca. 200 g",
    "category": { "sub": "Storfe", "parent": "Kjøtt og kylling" },
    "price": { "price": 37.3, "unitPrice": 186.5, "unit": "kg", "qty": 0.2 }
  },
  {
    "title": "Svinenakke Fylt Med Tranebær og Chevre",
    "subtitle": "Marinert Med Lakris og Chili, ca. 500 g",
    "category": { "sub": "Svin", "parent": "Kjøtt og kylling" },
    "price": { "price": 109, "unitPrice": 218, "unit": "kg", "qty": 0.5 }
  },
  {
    "title": "Hellstrøms Økologisk Svinenakke uten Ben",
    "subtitle": "500 g",
    "category": { "sub": "Svin", "parent": "Kjøtt og kylling" },
    "price": { "price": 147.9, "unitPrice": 295.8, "unit": "kg", "qty": 0.5 }
  },
  {
    "title": "Nakkefilet Tynnskåret",
    "subtitle": "400 g",
    "category": { "sub": "Svin", "parent": "Kjøtt og kylling" },
    "price": { "price": 64.9, "unitPrice": 162.25, "unit": "kg", "qty": 0.4 }
  },
  {
    "title": "Pulled Pork",
    "subtitle": "Langtidskokt Svinenakke, 500 g",
    "category": { "sub": "Svin", "parent": "Kjøtt og kylling" },
    "price": { "price": 87.4, "unitPrice": 174.8, "unit": "kg", "qty": 0.5 }
  },
  {
    "title": "Strimlet Svinebiff",
    "subtitle": "400 g",
    "category": { "sub": "Svin", "parent": "Kjøtt og kylling" },
    "price": { "price": 54.9, "unitPrice": 137.25, "unit": "kg", "qty": 0.4 }
  },
  {
    "title": "Salte Knoker",
    "subtitle": "1,4 kg",
    "category": { "sub": "Svin", "parent": "Kjøtt og kylling" },
    "price": { "price": 124.8, "unitPrice": 89.14, "unit": "kg", "qty": 1.4 }
  },
  {
    "title": "Røkte Skinkeknoker",
    "subtitle": "1,4 kg",
    "category": { "sub": "Svin", "parent": "Kjøtt og kylling" },
    "price": { "price": 121.3, "unitPrice": 86.64, "unit": "kg", "qty": 1.4 }
  },
  {
    "title": "Svin Indrefilet",
    "subtitle": "ca. 600 g",
    "category": { "sub": "Svin", "parent": "Kjøtt og kylling" },
    "price": { "price": 65.4, "unitPrice": 109, "unit": "kg", "qty": 0.6 }
  },
  {
    "title": "Svinekoteletter",
    "subtitle": "4 stk, ca. 920 g",
    "category": { "sub": "Svin", "parent": "Kjøtt og kylling" },
    "price": { "price": 59.9, "unitPrice": 65.11, "unit": "kg", "qty": 0.92 }
  },
  {
    "title": "Nakkekoteletter",
    "subtitle": "ca. 950 g",
    "category": { "sub": "Svin", "parent": "Kjøtt og kylling" },
    "price": { "price": 59.9, "unitPrice": 63.05, "unit": "kg", "qty": 0.95 }
  },
  {
    "title": "Strimlet Svinekjøtt",
    "subtitle": "500 g",
    "category": { "sub": "Svin", "parent": "Kjøtt og kylling" },
    "price": { "price": 49.6, "unitPrice": 99.2, "unit": "kg", "qty": 0.5 }
  },
  {
    "title": "Surret Skinkestek med Svor",
    "subtitle": "Rå, ca. 1,5 kg",
    "category": { "sub": "Svin", "parent": "Kjøtt og kylling" },
    "price": { "price": 119.8, "unitPrice": 79.87, "unit": "kg", "qty": 1.5 }
  },
  {
    "title": "Nakke av Villsvin",
    "subtitle": "Uten Ben, ca. 400 g",
    "category": { "sub": "Svin", "parent": "Kjøtt og kylling" },
    "price": { "price": 109, "unitPrice": 272.5, "unit": "kg", "qty": 0.4 }
  },
  {
    "title": "Tulip Pulled Pork Asian",
    "subtitle": "550 g",
    "category": { "sub": "Svin", "parent": "Kjøtt og kylling" },
    "price": { "price": 88.9, "unitPrice": 161.64, "unit": "kg", "qty": 0.55 }
  },
  {
    "title": "Ytrefilet av Svin Krydret",
    "subtitle": "500 g",
    "category": { "sub": "Svin", "parent": "Kjøtt og kylling" },
    "price": { "price": 84.9, "unitPrice": 169.8, "unit": "kg", "qty": 0.5 }
  },
  {
    "title": "Ytrefilet av Svin Naturell",
    "subtitle": "500 g",
    "category": { "sub": "Svin", "parent": "Kjøtt og kylling" },
    "price": { "price": 84.9, "unitPrice": 169.8, "unit": "kg", "qty": 0.5 }
  },
  {
    "title": "Tynnribbe/Flatribbe",
    "subtitle": "Strøm-Larsen, ca. 2 kg",
    "category": { "sub": "Svin", "parent": "Kjøtt og kylling" },
    "price": { "price": 329, "unitPrice": 164.5, "unit": "kg", "qty": 2 }
  },
  {
    "title": "Spareribs av Fjellgris",
    "subtitle": "ca. 600 g",
    "category": { "sub": "Svin", "parent": "Kjøtt og kylling" },
    "price": { "price": 139, "unitPrice": 231.67, "unit": "kg", "qty": 0.6 }
  },
  {
    "title": "Kjøttdeig Av 100% Kyllingfilet",
    "subtitle": "325 g",
    "category": {
      "sub": "Kylling, kalkun og and",
      "parent": "Kjøtt og kylling"
    },
    "price": { "price": 38.2, "unitPrice": 117.54, "unit": "kg", "qty": 0.32 }
  },
  {
    "title": "Kyllinglår med Smør",
    "subtitle": "Rett i Ovnen, 260 g",
    "category": {
      "sub": "Kylling, kalkun og and",
      "parent": "Kjøtt og kylling"
    },
    "price": { "price": 57.9, "unitPrice": 222.69, "unit": "kg", "qty": 0.26 }
  },
  {
    "title": "Kyllingklubber Naturell",
    "subtitle": "500 g",
    "category": {
      "sub": "Kylling, kalkun og and",
      "parent": "Kjøtt og kylling"
    },
    "price": { "price": 39, "unitPrice": 78, "unit": "kg", "qty": 0.5 }
  },
  {
    "title": "Kyllingfilet Strimlet",
    "subtitle": "300 g",
    "category": {
      "sub": "Kylling, kalkun og and",
      "parent": "Kjøtt og kylling"
    },
    "price": { "price": 68.1, "unitPrice": 227, "unit": "kg", "qty": 0.3 }
  },
  {
    "title": "Kalkunbryst i Form",
    "subtitle": "ca. 800 g",
    "category": {
      "sub": "Kylling, kalkun og and",
      "parent": "Kjøtt og kylling"
    },
    "price": { "price": 232, "unitPrice": 290, "unit": "kg", "qty": 0.8 }
  },
  {
    "title": "Kyllingbryst",
    "subtitle": "ca. 260 g",
    "category": {
      "sub": "Kylling, kalkun og and",
      "parent": "Kjøtt og kylling"
    },
    "price": { "price": 86.3, "unitPrice": 331.92, "unit": "kg", "qty": 0.26 }
  },
  {
    "title": "Kyllingbryst",
    "subtitle": "Økologisk, ca. 300 g",
    "category": {
      "sub": "Kylling, kalkun og and",
      "parent": "Kjøtt og kylling"
    },
    "price": { "price": 85.7, "unitPrice": 285.67, "unit": "kg", "qty": 0.3 }
  },
  {
    "title": "Rå Vinger av Landkylling",
    "subtitle": "400 g",
    "category": {
      "sub": "Kylling, kalkun og and",
      "parent": "Kjøtt og kylling"
    },
    "price": { "price": 51.5, "unitPrice": 128.75, "unit": "kg", "qty": 0.4 }
  },
  {
    "title": "Kyllinglår",
    "subtitle": "ca. 600 g",
    "category": {
      "sub": "Kylling, kalkun og and",
      "parent": "Kjøtt og kylling"
    },
    "price": { "price": 83.9, "unitPrice": 139.83, "unit": "kg", "qty": 0.6 }
  },
  {
    "title": "Hel Landkylling",
    "subtitle": "Økologisk, ca. 2,9 kg",
    "category": {
      "sub": "Kylling, kalkun og and",
      "parent": "Kjøtt og kylling"
    },
    "price": { "price": 392.4, "unitPrice": 135.31, "unit": "kg", "qty": 2.9 }
  },
  {
    "title": "Hel Landkylling",
    "subtitle": "Fersk, ca. 2 kg",
    "category": {
      "sub": "Kylling, kalkun og and",
      "parent": "Kjøtt og kylling"
    },
    "price": { "price": 222.5, "unitPrice": 111.25, "unit": "kg", "qty": 2 }
  },
  {
    "title": "Økologisk Hel kylling",
    "subtitle": "ca. 2,4 kg",
    "category": {
      "sub": "Kylling, kalkun og and",
      "parent": "Kjøtt og kylling"
    },
    "price": { "price": 369, "unitPrice": 153.75, "unit": "kg", "qty": 2.4 }
  },
  {
    "title": "Andebryst",
    "subtitle": "ca. 345 g",
    "category": {
      "sub": "Kylling, kalkun og and",
      "parent": "Kjøtt og kylling"
    },
    "price": { "price": 131.4, "unitPrice": 380.87, "unit": "kg", "qty": 0.34 }
  },
  {
    "title": "Kyllingfilet",
    "subtitle": "Naturell, 380 g",
    "category": {
      "sub": "Kylling, kalkun og and",
      "parent": "Kjøtt og kylling"
    },
    "price": { "price": 63.4, "unitPrice": 166.84, "unit": "kg", "qty": 0.38 }
  },
  {
    "title": "Kyllingfilet",
    "subtitle": "Naturell, 680 g",
    "category": {
      "sub": "Kylling, kalkun og and",
      "parent": "Kjøtt og kylling"
    },
    "price": { "price": 93.4, "unitPrice": 137.35, "unit": "kg", "qty": 0.68 }
  },
  {
    "title": "Kyllingfilet",
    "subtitle": "Naturell, 900 g",
    "category": {
      "sub": "Kylling, kalkun og and",
      "parent": "Kjøtt og kylling"
    },
    "price": { "price": 118, "unitPrice": 131.11, "unit": "kg", "qty": 0.9 }
  },
  {
    "title": "Kyllingfilet Naturell",
    "subtitle": "Vår Laveste Pris, 1,4 kg",
    "category": {
      "sub": "Kylling, kalkun og and",
      "parent": "Kjøtt og kylling"
    },
    "price": { "price": 136.9, "unitPrice": 97.79, "unit": "kg", "qty": 1.4 }
  },
  {
    "title": "Kylling lårfilet",
    "subtitle": "400 g",
    "category": {
      "sub": "Kylling, kalkun og and",
      "parent": "Kjøtt og kylling"
    },
    "price": { "price": 63.3, "unitPrice": 158.25, "unit": "kg", "qty": 0.4 }
  },
  {
    "title": "Strimlet Kyllingfilet",
    "subtitle": "Naturell, 450 g",
    "category": {
      "sub": "Kylling, kalkun og and",
      "parent": "Kjøtt og kylling"
    },
    "price": { "price": 74.55, "unitPrice": 165.67, "unit": "kg", "qty": 0.45 }
  },
  {
    "title": "Kyllingfilet",
    "subtitle": "750 g",
    "category": {
      "sub": "Kylling, kalkun og and",
      "parent": "Kjøtt og kylling"
    },
    "price": { "price": 144.1, "unitPrice": 192.13, "unit": "kg", "qty": 0.75 }
  },
  {
    "title": "Flatbird Med Oregano, Hvitløk & Paprika",
    "subtitle": "700 g",
    "category": {
      "sub": "Kylling, kalkun og and",
      "parent": "Kjøtt og kylling"
    },
    "price": { "price": 114.5, "unitPrice": 163.57, "unit": "kg", "qty": 0.7 }
  },
  {
    "title": "Flatbird Med Salvie & Sitron",
    "subtitle": "700 g",
    "category": {
      "sub": "Kylling, kalkun og and",
      "parent": "Kjøtt og kylling"
    },
    "price": { "price": 114.5, "unitPrice": 163.57, "unit": "kg", "qty": 0.7 }
  },
  {
    "title": "Tapasboller av kylling,",
    "subtitle": "Med Soltørket tomat og oliven, 300 g",
    "category": {
      "sub": "Kylling, kalkun og and",
      "parent": "Kjøtt og kylling"
    },
    "price": { "price": 72.5, "unitPrice": 241.67, "unit": "kg", "qty": 0.3 }
  },
  {
    "title": "Kylling Nuggets",
    "subtitle": "300 g",
    "category": {
      "sub": "Kylling, kalkun og and",
      "parent": "Kjøtt og kylling"
    },
    "price": { "price": 66.5, "unitPrice": 221.67, "unit": "kg", "qty": 0.3 }
  },
  {
    "title": "Kylling Lårbiff",
    "subtitle": "Crispy, 300 g",
    "category": {
      "sub": "Kylling, kalkun og and",
      "parent": "Kjøtt og kylling"
    },
    "price": { "price": 60.5, "unitPrice": 201.67, "unit": "kg", "qty": 0.3 }
  },
  {
    "title": "Grillede Kyllinglår",
    "subtitle": "750 g",
    "category": {
      "sub": "Kylling, kalkun og and",
      "parent": "Kjøtt og kylling"
    },
    "price": { "price": 70.2, "unitPrice": 93.6, "unit": "kg", "qty": 0.75 }
  },
  {
    "title": "Grillede Kyllinglårklubber",
    "subtitle": "800 g",
    "category": {
      "sub": "Kylling, kalkun og and",
      "parent": "Kjøtt og kylling"
    },
    "price": { "price": 63.5, "unitPrice": 79.38, "unit": "kg", "qty": 0.8 }
  },
  {
    "title": "Økologisk Kyllingbryst Med Skinn",
    "subtitle": "ca. 290 g",
    "category": {
      "sub": "Kylling, kalkun og and",
      "parent": "Kjøtt og kylling"
    },
    "price": { "price": 129, "unitPrice": 444.83, "unit": "kg", "qty": 0.29 }
  },
  {
    "title": "Økologisk Kyllingfilet I Skiver",
    "subtitle": "ca. 400 g",
    "category": {
      "sub": "Kylling, kalkun og and",
      "parent": "Kjøtt og kylling"
    },
    "price": { "price": 179, "unitPrice": 447.5, "unit": "kg", "qty": 0.4 }
  },
  {
    "title": "Salatkjøtt",
    "subtitle": "Av Grillet Kyllinglår uten Skinn, 200 g",
    "category": {
      "sub": "Kylling, kalkun og and",
      "parent": "Kjøtt og kylling"
    },
    "price": { "price": 44.8, "unitPrice": 224, "unit": "kg", "qty": 0.2 }
  },
  {
    "title": "Grillede Kyllingvinger",
    "subtitle": "900 g",
    "category": {
      "sub": "Kylling, kalkun og and",
      "parent": "Kjøtt og kylling"
    },
    "price": { "price": 70.3, "unitPrice": 78.11, "unit": "kg", "qty": 0.9 }
  },
  {
    "title": "Kyllingfilet Stekt Og Skivet Soltørket Tomat",
    "subtitle": "200 g",
    "category": {
      "sub": "Kylling, kalkun og and",
      "parent": "Kjøtt og kylling"
    },
    "price": { "price": 49.8, "unitPrice": 249, "unit": "kg", "qty": 0.2 }
  },
  {
    "title": "Kreolsk sandwichfilet Av Kylling",
    "subtitle": "Stekt & Spiseklar, 200 g",
    "category": {
      "sub": "Kylling, kalkun og and",
      "parent": "Kjøtt og kylling"
    },
    "price": { "price": 49.8, "unitPrice": 249, "unit": "kg", "qty": 0.2 }
  },
  {
    "title": "Kyllingfilet Stekt Og Skivet Naturell",
    "subtitle": "200 g",
    "category": {
      "sub": "Kylling, kalkun og and",
      "parent": "Kjøtt og kylling"
    },
    "price": { "price": 49.8, "unitPrice": 249, "unit": "kg", "qty": 0.2 }
  },
  {
    "title": "Kyllingfilet Stekt Og Spiseklar Chili Og Ingefær",
    "subtitle": "200 g",
    "category": {
      "sub": "Kylling, kalkun og and",
      "parent": "Kjøtt og kylling"
    },
    "price": { "price": 49.8, "unitPrice": 249, "unit": "kg", "qty": 0.2 }
  },
  {
    "title": "Filet Pieces",
    "subtitle": "320 g",
    "category": {
      "sub": "Kylling, kalkun og and",
      "parent": "Kjøtt og kylling"
    },
    "price": { "price": 75.5, "unitPrice": 235.94, "unit": "kg", "qty": 0.32 }
  },
  {
    "title": "Chicken Bites",
    "subtitle": "180 g",
    "category": {
      "sub": "Kylling, kalkun og and",
      "parent": "Kjøtt og kylling"
    },
    "price": { "price": 62.8, "unitPrice": 348.89, "unit": "kg", "qty": 0.18 }
  },
  {
    "title": "Kylling Lårfilet",
    "subtitle": "ca. 500 g",
    "category": {
      "sub": "Kylling, kalkun og and",
      "parent": "Kjøtt og kylling"
    },
    "price": { "price": 92.3, "unitPrice": 184.6, "unit": "kg", "qty": 0.5 }
  },
  {
    "title": "Stekt Peking Andefilet",
    "subtitle": "610 g",
    "category": {
      "sub": "Kylling, kalkun og and",
      "parent": "Kjøtt og kylling"
    },
    "price": { "price": 162.9, "unitPrice": 267.05, "unit": "kg", "qty": 0.61 }
  },
  {
    "title": "Kyllinglever",
    "subtitle": "500 g",
    "category": {
      "sub": "Kylling, kalkun og and",
      "parent": "Kjøtt og kylling"
    },
    "price": { "price": 57.8, "unitPrice": 115.6, "unit": "kg", "qty": 0.5 }
  },
  {
    "title": "Confit de Canard",
    "subtitle": "4-5 stk Lår, 1,24 kg",
    "category": {
      "sub": "Kylling, kalkun og and",
      "parent": "Kjøtt og kylling"
    },
    "price": { "price": 598.9, "unitPrice": 482.98, "unit": "kg", "qty": 1.24 }
  },
  {
    "title": "Fryste Kyllingkjøttboller",
    "subtitle": "5 kg",
    "category": {
      "sub": "Kylling, kalkun og and",
      "parent": "Kjøtt og kylling"
    },
    "price": { "price": 314.3, "unitPrice": 62.86, "unit": "kg", "qty": 5 }
  },
  {
    "title": "Hel Kalkun",
    "subtitle": "ca. 6 kg",
    "category": {
      "sub": "Kylling, kalkun og and",
      "parent": "Kjøtt og kylling"
    },
    "price": { "price": 579.1, "unitPrice": 96.52, "unit": "kg", "qty": 6 }
  },
  {
    "title": "Hel Grillet Kylling",
    "subtitle": "ca. 1,2 kg",
    "category": {
      "sub": "Kylling, kalkun og and",
      "parent": "Kjøtt og kylling"
    },
    "price": { "price": 84.9, "unitPrice": 70.75, "unit": "kg", "qty": 1.2 }
  },
  {
    "title": "Hel Rå Kylling Naturell",
    "subtitle": "ca. 1,5 kg",
    "category": {
      "sub": "Kylling, kalkun og and",
      "parent": "Kjøtt og kylling"
    },
    "price": { "price": 96, "unitPrice": 64, "unit": "kg", "qty": 1.5 }
  },
  {
    "title": "Hel Kylling Rå",
    "subtitle": "1300 g",
    "category": {
      "sub": "Kylling, kalkun og and",
      "parent": "Kjøtt og kylling"
    },
    "price": { "price": 93.2, "unitPrice": 71.69, "unit": "kg", "qty": 1.3 }
  },
  {
    "title": "Kjøttdeig Av Kylling",
    "subtitle": "Vår laveste pris, 400 g",
    "category": {
      "sub": "Kylling, kalkun og and",
      "parent": "Kjøtt og kylling"
    },
    "price": { "price": 27.8, "unitPrice": 69.5, "unit": "kg", "qty": 0.4 }
  },
  {
    "title": "Fryst Hel Kalkun",
    "subtitle": "ca. 5,4 kg",
    "category": {
      "sub": "Kylling, kalkun og and",
      "parent": "Kjøtt og kylling"
    },
    "price": { "price": 399, "unitPrice": 73.89, "unit": "kg", "qty": 5.4 }
  },
  {
    "title": "Lammekoteletter",
    "subtitle": "Strøm-Larsen, 1 kg",
    "category": { "sub": "Lam og vilt", "parent": "Kjøtt og kylling" },
    "price": { "price": 249, "unitPrice": 249, "unit": "kg", "qty": 1 }
  },
  {
    "title": "Lammecarré",
    "subtitle": "Fra New Zealand, 970 g",
    "category": { "sub": "Lam og vilt", "parent": "Kjøtt og kylling" },
    "price": { "price": 379, "unitPrice": 390.72, "unit": "kg", "qty": 0.97 }
  },
  {
    "title": "Rå Lammeskank",
    "subtitle": "400 g",
    "category": { "sub": "Lam og vilt", "parent": "Kjøtt og kylling" },
    "price": { "price": 119, "unitPrice": 297.5, "unit": "kg", "qty": 0.4 }
  },
  {
    "title": "Hverdagslam Kjøttdeig uten Salt og Vann",
    "subtitle": "400 g",
    "category": { "sub": "Lam og vilt", "parent": "Kjøtt og kylling" },
    "price": { "price": 44.8, "unitPrice": 112, "unit": "kg", "qty": 0.4 }
  },
  {
    "title": "Lammebog Uten Ben i Terninger",
    "subtitle": "600 g",
    "category": { "sub": "Lam og vilt", "parent": "Kjøtt og kylling" },
    "price": { "price": 166.4, "unitPrice": 277.33, "unit": "kg", "qty": 0.6 }
  },
  {
    "title": "Reinsdyr Indrefilet Hel",
    "subtitle": "ca. 1 kg",
    "category": { "sub": "Lam og vilt", "parent": "Kjøtt og kylling" },
    "price": { "price": 599, "unitPrice": 599, "unit": "kg", "qty": 1 }
  },
  {
    "title": "Reinsdyr Ytrefilet Hel",
    "subtitle": "1 kg",
    "category": { "sub": "Lam og vilt", "parent": "Kjøtt og kylling" },
    "price": { "price": 649, "unitPrice": 649, "unit": "kg", "qty": 1 }
  },
  {
    "title": "Høyfjellsrein Indrefilet av Reinsdyr",
    "subtitle": "ca. 180 g",
    "category": { "sub": "Lam og vilt", "parent": "Kjøtt og kylling" },
    "price": { "price": 143.7, "unitPrice": 798.33, "unit": "kg", "qty": 0.18 }
  },
  {
    "title": "Høyfjells Reinsdyrskav",
    "subtitle": "400 g",
    "category": { "sub": "Lam og vilt", "parent": "Kjøtt og kylling" },
    "price": { "price": 166, "unitPrice": 415, "unit": "kg", "qty": 0.4 }
  },
  {
    "title": "Høyfjellsrein Reinsdyrbiff",
    "subtitle": "ca. 300 g",
    "category": { "sub": "Lam og vilt", "parent": "Kjøtt og kylling" },
    "price": { "price": 188.3, "unitPrice": 627.67, "unit": "kg", "qty": 0.3 }
  },
  {
    "title": "Hverdagslam Skav",
    "subtitle": "300 g",
    "category": { "sub": "Lam og vilt", "parent": "Kjøtt og kylling" },
    "price": { "price": 81.9, "unitPrice": 273, "unit": "kg", "qty": 0.3 }
  },
  {
    "title": "Hvitløksmarinert Surret Lammestek",
    "subtitle": "Strøm-Larsen, ca. 1,5 kg",
    "category": { "sub": "Lam og vilt", "parent": "Kjøtt og kylling" },
    "price": { "price": 399, "unitPrice": 266, "unit": "kg", "qty": 1.5 }
  },
  {
    "title": "Surret Lammestek Naturell",
    "subtitle": "Strøm-Larsen, ca. 1,5 kg",
    "category": { "sub": "Lam og vilt", "parent": "Kjøtt og kylling" },
    "price": { "price": 369, "unitPrice": 246, "unit": "kg", "qty": 1.5 }
  },
  {
    "title": "Pinnekjøtt Urøkt",
    "subtitle": "2 kg",
    "category": { "sub": "Lam og vilt", "parent": "Kjøtt og kylling" },
    "price": { "price": 599, "unitPrice": 209.65, "unit": "kg", "qty": 2.86 }
  },
  {
    "title": "Braisert Lammeskank",
    "subtitle": "ca. 500 g",
    "category": { "sub": "Lam og vilt", "parent": "Kjøtt og kylling" },
    "price": { "price": 119, "unitPrice": 238, "unit": "kg", "qty": 0.5 }
  },
  {
    "title": "Entrecote Av Lam Med Hvit Geitost",
    "subtitle": "ca. 350 g",
    "category": { "sub": "Lam og vilt", "parent": "Kjøtt og kylling" },
    "price": { "price": 99, "unitPrice": 282.86, "unit": "kg", "qty": 0.35 }
  },
  {
    "title": "Nakke av Villsvin",
    "subtitle": "Uten Ben, ca. 400 g",
    "category": { "sub": "Lam og vilt", "parent": "Kjøtt og kylling" },
    "price": { "price": 109, "unitPrice": 272.5, "unit": "kg", "qty": 0.4 }
  },
  {
    "title": "Karbonadedeig Av Elg",
    "subtitle": "Fryst, 400 g",
    "category": { "sub": "Lam og vilt", "parent": "Kjøtt og kylling" },
    "price": { "price": 139, "unitPrice": 347.5, "unit": "kg", "qty": 0.4 }
  },
  {
    "title": "Stjernebacon Tørrsaltet",
    "subtitle": "105 g",
    "category": { "sub": "Bacon og tilbehør", "parent": "Kjøtt og kylling" },
    "price": { "price": 38.7, "unitPrice": 368.57, "unit": "kg", "qty": 0.11 }
  },
  {
    "title": "Skogsbacon",
    "subtitle": "180 g",
    "category": { "sub": "Bacon og tilbehør", "parent": "Kjøtt og kylling" },
    "price": { "price": 38.6, "unitPrice": 214.44, "unit": "kg", "qty": 0.18 }
  },
  {
    "title": "Villmarksbacon",
    "subtitle": "120 g",
    "category": { "sub": "Bacon og tilbehør", "parent": "Kjøtt og kylling" },
    "price": { "price": 34.8, "unitPrice": 290, "unit": "kg", "qty": 0.12 }
  },
  {
    "title": "Bacon Skivet",
    "subtitle": "125 g",
    "category": { "sub": "Bacon og tilbehør", "parent": "Kjøtt og kylling" },
    "price": { "price": 36.8, "unitPrice": 294.4, "unit": "kg", "qty": 0.13 }
  },
  {
    "title": "Bacon Uten Svor",
    "subtitle": "400 g",
    "category": { "sub": "Bacon og tilbehør", "parent": "Kjøtt og kylling" },
    "price": { "price": 87.4, "unitPrice": 218.5, "unit": "kg", "qty": 0.4 }
  },
  {
    "title": "Tørrsaltet Bacon uten Svor",
    "subtitle": "110 g",
    "category": { "sub": "Bacon og tilbehør", "parent": "Kjøtt og kylling" },
    "price": { "price": 26.4, "unitPrice": 240, "unit": "kg", "qty": 0.11 }
  },
  {
    "title": "Strynbacon",
    "subtitle": "150 g",
    "category": { "sub": "Bacon og tilbehør", "parent": "Kjøtt og kylling" },
    "price": { "price": 33.2, "unitPrice": 221.33, "unit": "kg", "qty": 0.15 }
  },
  {
    "title": "Kalkunbacon Skivet",
    "subtitle": "140 g",
    "category": { "sub": "Bacon og tilbehør", "parent": "Kjøtt og kylling" },
    "price": { "price": 29.7, "unitPrice": 212.14, "unit": "kg", "qty": 0.14 }
  },
  {
    "title": "Grilstad Lev Litt Lettere Filetbacon",
    "subtitle": "110 g",
    "category": { "sub": "Bacon og tilbehør", "parent": "Kjøtt og kylling" },
    "price": { "price": 33.4, "unitPrice": 303.64, "unit": "kg", "qty": 0.11 }
  },
  {
    "title": "Bacon Ternet",
    "subtitle": "Fryst, 500 g",
    "category": { "sub": "Bacon og tilbehør", "parent": "Kjøtt og kylling" },
    "price": { "price": 78.7, "unitPrice": 157.4, "unit": "kg", "qty": 0.5 }
  },
  {
    "title": "Bacon Topping",
    "subtitle": "80 g",
    "category": { "sub": "Bacon og tilbehør", "parent": "Kjøtt og kylling" },
    "price": { "price": 20, "unitPrice": 250, "unit": "kg", "qty": 0.08 }
  },
  {
    "title": "Ternet Bacon",
    "subtitle": "2x150gr, 300 g",
    "category": { "sub": "Bacon og tilbehør", "parent": "Kjøtt og kylling" },
    "price": { "price": 48.3, "unitPrice": 161, "unit": "kg", "qty": 0.3 }
  },
  {
    "title": "Bacon i Terninger",
    "subtitle": "Lutefiskbacon, 250 g",
    "category": { "sub": "Bacon og tilbehør", "parent": "Kjøtt og kylling" },
    "price": { "price": 48.3, "unitPrice": 193.2, "unit": "kg", "qty": 0.25 }
  },
  {
    "title": "Smårettskinke Topping",
    "subtitle": "80 g",
    "category": { "sub": "Bacon og tilbehør", "parent": "Kjøtt og kylling" },
    "price": { "price": 20, "unitPrice": 250, "unit": "kg", "qty": 0.08 }
  },
  {
    "title": "Smårettskinke Strimlet",
    "subtitle": "200 g",
    "category": { "sub": "Bacon og tilbehør", "parent": "Kjøtt og kylling" },
    "price": { "price": 39.7, "unitPrice": 198.5, "unit": "kg", "qty": 0.2 }
  },
  {
    "title": "Fjordbacon",
    "subtitle": "ca. 700 g",
    "category": { "sub": "Bacon og tilbehør", "parent": "Kjøtt og kylling" },
    "price": { "price": 161.5, "unitPrice": 230.71, "unit": "kg", "qty": 0.7 }
  },
  {
    "title": "Lettsaltet Sideflesk",
    "subtitle": "ca. 680 g",
    "category": { "sub": "Bacon og tilbehør", "parent": "Kjøtt og kylling" },
    "price": { "price": 188.2, "unitPrice": 276.76, "unit": "kg", "qty": 0.68 }
  },
  {
    "title": "Stjernebacon",
    "subtitle": "140 g",
    "category": { "sub": "Bacon og tilbehør", "parent": "Kjøtt og kylling" },
    "price": { "price": 28.5, "unitPrice": 203.57, "unit": "kg", "qty": 0.14 }
  },
  {
    "title": "Bacon Med Svor Oppskåret",
    "subtitle": "400 g",
    "category": { "sub": "Bacon og tilbehør", "parent": "Kjøtt og kylling" },
    "price": { "price": 43.8, "unitPrice": 109.5, "unit": "kg", "qty": 0.4 }
  },
  {
    "title": "Picnic Skinke",
    "subtitle": "325 g",
    "category": { "sub": "Bacon og tilbehør", "parent": "Kjøtt og kylling" },
    "price": { "price": 42.8, "unitPrice": 131.69, "unit": "kg", "qty": 0.33 }
  },
  {
    "title": "Bogskinke",
    "subtitle": "500 g",
    "category": { "sub": "Bacon og tilbehør", "parent": "Kjøtt og kylling" },
    "price": { "price": 53.8, "unitPrice": 107.6, "unit": "kg", "qty": 0.5 }
  },
  {
    "title": "Tørrsaltet bacon",
    "subtitle": "I Stk, 250 g",
    "category": { "sub": "Bacon og tilbehør", "parent": "Kjøtt og kylling" },
    "price": { "price": 119, "unitPrice": 476, "unit": "kg", "qty": 0.25 }
  },
  {
    "title": "Bacon",
    "subtitle": "i Skiver, 130 g",
    "category": { "sub": "Bacon og tilbehør", "parent": "Kjøtt og kylling" },
    "price": { "price": 38.4, "unitPrice": 295.38, "unit": "kg", "qty": 0.13 }
  },
  {
    "title": "Fjellgrisbacon",
    "subtitle": "Skivet, 250 g",
    "category": { "sub": "Bacon og tilbehør", "parent": "Kjøtt og kylling" },
    "price": { "price": 89.9, "unitPrice": 359.6, "unit": "kg", "qty": 0.25 }
  },
  {
    "title": "Filetbacon av Fjellgris",
    "subtitle": "Skivet, 250 g",
    "category": { "sub": "Bacon og tilbehør", "parent": "Kjøtt og kylling" },
    "price": { "price": 74.9, "unitPrice": 299.6, "unit": "kg", "qty": 0.25 }
  },
  {
    "title": "Nakkebacon av Fjellgris",
    "subtitle": "Skivet, 250 g",
    "category": { "sub": "Bacon og tilbehør", "parent": "Kjøtt og kylling" },
    "price": { "price": 79.9, "unitPrice": 319.6, "unit": "kg", "qty": 0.25 }
  },
  {
    "title": "Karbonadedeig",
    "subtitle": "5% fett, 400 g",
    "category": {
      "sub": "Kjøttdeig og karbonadedeig",
      "parent": "Kjøtt og kylling"
    },
    "price": { "price": 74.5, "unitPrice": 186.25, "unit": "kg", "qty": 0.4 }
  },
  {
    "title": "Karbonadedeig av Storfe",
    "subtitle": "5%, 400 g",
    "category": {
      "sub": "Kjøttdeig og karbonadedeig",
      "parent": "Kjøtt og kylling"
    },
    "price": { "price": 66.1, "unitPrice": 165.25, "unit": "kg", "qty": 0.4 }
  },
  {
    "title": "Karbonadedeig Økologisk",
    "subtitle": "400 g",
    "category": {
      "sub": "Kjøttdeig og karbonadedeig",
      "parent": "Kjøtt og kylling"
    },
    "price": { "price": 105.6, "unitPrice": 264, "unit": "kg", "qty": 0.4 }
  },
  {
    "title": "Karbonadedeig av Storfe",
    "subtitle": "5%, 400 g",
    "category": {
      "sub": "Kjøttdeig og karbonadedeig",
      "parent": "Kjøtt og kylling"
    },
    "price": { "price": 75.9, "unitPrice": 189.75, "unit": "kg", "qty": 0.4 }
  },
  {
    "title": "Karbonadedeig Av Elg",
    "subtitle": "Fryst, 400 g",
    "category": {
      "sub": "Kjøttdeig og karbonadedeig",
      "parent": "Kjøtt og kylling"
    },
    "price": { "price": 139, "unitPrice": 347.5, "unit": "kg", "qty": 0.4 }
  },
  {
    "title": "Kjøttdeig av Storfe 14%",
    "subtitle": "u/salt og vann, 400 g",
    "category": {
      "sub": "Kjøttdeig og karbonadedeig",
      "parent": "Kjøtt og kylling"
    },
    "price": { "price": 71.6, "unitPrice": 179, "unit": "kg", "qty": 0.4 }
  },
  {
    "title": "Kjøttdeig",
    "subtitle": "14% fett, 400 g",
    "category": {
      "sub": "Kjøttdeig og karbonadedeig",
      "parent": "Kjøtt og kylling"
    },
    "price": { "price": 62.5, "unitPrice": 156.25, "unit": "kg", "qty": 0.4 }
  },
  {
    "title": "Naturlig godt Kjøttdeig, økologisk",
    "subtitle": "Uten salt og vann, 400 g",
    "category": {
      "sub": "Kjøttdeig og karbonadedeig",
      "parent": "Kjøtt og kylling"
    },
    "price": { "price": 71.8, "unitPrice": 179.5, "unit": "kg", "qty": 0.4 }
  },
  {
    "title": "Kjøttdeig",
    "subtitle": "14%, 400 g",
    "category": {
      "sub": "Kjøttdeig og karbonadedeig",
      "parent": "Kjøtt og kylling"
    },
    "price": { "price": 53.2, "unitPrice": 133, "unit": "kg", "qty": 0.4 }
  },
  {
    "title": "Kjøttdeig Økologisk",
    "subtitle": "400 g",
    "category": {
      "sub": "Kjøttdeig og karbonadedeig",
      "parent": "Kjøtt og kylling"
    },
    "price": { "price": 96, "unitPrice": 240, "unit": "kg", "qty": 0.4 }
  },
  {
    "title": "Kjøttdeig av Storfe",
    "subtitle": "14%, 400 g",
    "category": {
      "sub": "Kjøttdeig og karbonadedeig",
      "parent": "Kjøtt og kylling"
    },
    "price": { "price": 65.3, "unitPrice": 163.25, "unit": "kg", "qty": 0.4 }
  },
  {
    "title": "Økologisk Kyllingkjøttdeig",
    "subtitle": "ca. 500 g",
    "category": {
      "sub": "Kjøttdeig og karbonadedeig",
      "parent": "Kjøtt og kylling"
    },
    "price": { "price": 119, "unitPrice": 238, "unit": "kg", "qty": 0.5 }
  },
  {
    "title": "Hverdagslam Kjøttdeig uten Salt og Vann",
    "subtitle": "400 g",
    "category": {
      "sub": "Kjøttdeig og karbonadedeig",
      "parent": "Kjøtt og kylling"
    },
    "price": { "price": 44.8, "unitPrice": 112, "unit": "kg", "qty": 0.4 }
  },
  {
    "title": "Kvernet Deig Av Svin 8%",
    "subtitle": "400 g",
    "category": {
      "sub": "Kjøttdeig og karbonadedeig",
      "parent": "Kjøtt og kylling"
    },
    "price": { "price": 39.9, "unitPrice": 99.75, "unit": "kg", "qty": 0.4 }
  },
  {
    "title": "Kjøttdeig Av 100% Kyllingfilet",
    "subtitle": "325 g",
    "category": {
      "sub": "Kjøttdeig og karbonadedeig",
      "parent": "Kjøtt og kylling"
    },
    "price": { "price": 38.2, "unitPrice": 117.54, "unit": "kg", "qty": 0.32 }
  },
  {
    "title": "Kjøttfarse Snabb Frys",
    "subtitle": "500 g",
    "category": {
      "sub": "Kjøttdeig og karbonadedeig",
      "parent": "Kjøtt og kylling"
    },
    "price": { "price": 43.6, "unitPrice": 87.2, "unit": "kg", "qty": 0.5 }
  },
  {
    "title": "Medisterfarse Snabb Frys",
    "subtitle": "500 g",
    "category": {
      "sub": "Kjøttdeig og karbonadedeig",
      "parent": "Kjøtt og kylling"
    },
    "price": { "price": 43.6, "unitPrice": 87.2, "unit": "kg", "qty": 0.5 }
  },
  {
    "title": "Kjøttdeig Fryst",
    "subtitle": "1 kg",
    "category": {
      "sub": "Kjøttdeig og karbonadedeig",
      "parent": "Kjøtt og kylling"
    },
    "price": { "price": 142, "unitPrice": 142, "unit": "kg", "qty": 1 }
  },
  {
    "title": "Vegan Sojafarse",
    "subtitle": "300 g",
    "category": {
      "sub": "Kjøttdeig og karbonadedeig",
      "parent": "Kjøtt og kylling"
    },
    "price": { "price": 52, "unitPrice": 173.33, "unit": "kg", "qty": 0.3 }
  },
  {
    "title": "Plantebasert Stekt Mince",
    "subtitle": "240 g",
    "category": {
      "sub": "Kjøttdeig og karbonadedeig",
      "parent": "Kjøtt og kylling"
    },
    "price": { "price": 41.4, "unitPrice": 172.5, "unit": "kg", "qty": 0.24 }
  },
  {
    "title": "Minced Ertebasert",
    "subtitle": "400 g",
    "category": {
      "sub": "Kjøttdeig og karbonadedeig",
      "parent": "Kjøtt og kylling"
    },
    "price": { "price": 57.8, "unitPrice": 144.5, "unit": "kg", "qty": 0.4 }
  },
  {
    "title": "Shape Me! Minced",
    "subtitle": "300 g",
    "category": {
      "sub": "Kjøttdeig og karbonadedeig",
      "parent": "Kjøtt og kylling"
    },
    "price": { "price": 43.8, "unitPrice": 146, "unit": "kg", "qty": 0.3 }
  },
  {
    "title": "Kjøttdeig",
    "subtitle": "Fryst, Halal, 500 g",
    "category": {
      "sub": "Kjøttdeig og karbonadedeig",
      "parent": "Kjøtt og kylling"
    },
    "price": { "price": 77.9, "unitPrice": 155.8, "unit": "kg", "qty": 0.5 }
  },
  {
    "title": "Økologisk Kalkunkjøttdeig",
    "subtitle": "ca. 420 g",
    "category": {
      "sub": "Kjøttdeig og karbonadedeig",
      "parent": "Kjøtt og kylling"
    },
    "price": { "price": 104, "unitPrice": 247.62, "unit": "kg", "qty": 0.42 }
  },
  {
    "title": "Kvernet Deig Av Storfe 14%",
    "subtitle": "400 g",
    "category": {
      "sub": "Kjøttdeig og karbonadedeig",
      "parent": "Kjøtt og kylling"
    },
    "price": { "price": 48.9, "unitPrice": 122.25, "unit": "kg", "qty": 0.4 }
  },
  {
    "title": "Kvernet Deig Av Storfe 5%",
    "subtitle": "400 g",
    "category": {
      "sub": "Kjøttdeig og karbonadedeig",
      "parent": "Kjøtt og kylling"
    },
    "price": { "price": 56.9, "unitPrice": 142.25, "unit": "kg", "qty": 0.4 }
  },
  {
    "title": "Kjøttdeig Av Kylling",
    "subtitle": "Vår laveste pris, 400 g",
    "category": {
      "sub": "Kjøttdeig og karbonadedeig",
      "parent": "Kjøtt og kylling"
    },
    "price": { "price": 27.8, "unitPrice": 69.5, "unit": "kg", "qty": 0.4 }
  },
  {
    "title": "Kebab Porsjon",
    "subtitle": "4 stk",
    "category": {
      "sub": "Kjøttdeig og karbonadedeig",
      "parent": "Kjøtt og kylling"
    },
    "price": { "price": 87.4, "unitPrice": 168.08, "unit": "kg", "qty": 0.52 }
  },
  {
    "title": "Døgnvill Burger, 2-pak",
    "subtitle": "300 g",
    "category": { "sub": "Hamburgere", "parent": "Kjøtt og kylling" },
    "price": { "price": 69.9, "unitPrice": 233, "unit": "kg", "qty": 0.3 }
  },
  {
    "title": "Hamburger med Koriander, Chili og Persille",
    "subtitle": "4 stk",
    "category": { "sub": "Hamburgere", "parent": "Kjøtt og kylling" },
    "price": { "price": 149, "unitPrice": 232.81, "unit": "kg", "qty": 0.64 }
  },
  {
    "title": "Ferske Hamburgere",
    "subtitle": "2 stk",
    "category": { "sub": "Hamburgere", "parent": "Kjøtt og kylling" },
    "price": { "price": 99, "unitPrice": 275, "unit": "kg", "qty": 0.36 }
  },
  {
    "title": "Juicy Brisket Burger",
    "subtitle": "2 Stk, 320 g",
    "category": { "sub": "Hamburgere", "parent": "Kjøtt og kylling" },
    "price": { "price": 68.3, "unitPrice": 213.44, "unit": "kg", "qty": 0.32 }
  },
  {
    "title": "Hamburgere",
    "subtitle": "6 stk, 600 g",
    "category": { "sub": "Hamburgere", "parent": "Kjøtt og kylling" },
    "price": { "price": 108.4, "unitPrice": 180.67, "unit": "kg", "qty": 0.6 }
  },
  {
    "title": "Naturli' Burgers",
    "subtitle": "240 g",
    "category": { "sub": "Hamburgere", "parent": "Kjøtt og kylling" },
    "price": { "price": 29.9, "unitPrice": 124.58, "unit": "kg", "qty": 0.24 }
  },
  {
    "title": "Plantebaserte Burgere",
    "subtitle": "2 stk",
    "category": { "sub": "Hamburgere", "parent": "Kjøtt og kylling" },
    "price": { "price": 43.5, "unitPrice": 181.25, "unit": "kg", "qty": 0.24 }
  },
  {
    "title": "Beyond Burger",
    "subtitle": "2 stk",
    "category": { "sub": "Hamburgere", "parent": "Kjøtt og kylling" },
    "price": { "price": 88, "unitPrice": 387.67, "unit": "kg", "qty": 0.23 }
  },
  {
    "title": "Plant-based Burger",
    "subtitle": "300 g",
    "category": { "sub": "Hamburgere", "parent": "Kjøtt og kylling" },
    "price": { "price": 57, "unitPrice": 190, "unit": "kg", "qty": 0.3 }
  },
  {
    "title": "Sensational Burger",
    "subtitle": "226 g",
    "category": { "sub": "Hamburgere", "parent": "Kjøtt og kylling" },
    "price": { "price": 54.8, "unitPrice": 242.48, "unit": "kg", "qty": 0.23 }
  },
  {
    "title": "Vegetarburgere",
    "subtitle": "4 stk, 320 g",
    "category": { "sub": "Hamburgere", "parent": "Kjøtt og kylling" },
    "price": { "price": 39.9, "unitPrice": 124.69, "unit": "kg", "qty": 0.32 }
  },
  {
    "title": "Nacho Spicy Bønneburger",
    "subtitle": "2 stk, 270 g",
    "category": { "sub": "Hamburgere", "parent": "Kjøtt og kylling" },
    "price": { "price": 39.9, "unitPrice": 147.78, "unit": "kg", "qty": 0.27 }
  },
  {
    "title": "Pulled BBQ",
    "subtitle": "160 g",
    "category": { "sub": "Hamburgere", "parent": "Kjøtt og kylling" },
    "price": { "price": 55.2, "unitPrice": 345, "unit": "kg", "qty": 0.16 }
  },
  {
    "title": "Butcher Burger",
    "subtitle": "4 stk",
    "category": { "sub": "Hamburgere", "parent": "Kjøtt og kylling" },
    "price": { "price": 98.9, "unitPrice": 176.61, "unit": "kg", "qty": 0.56 }
  },
  {
    "title": "Gildeburger Digg Bacon",
    "subtitle": "8 stk i pk, 800 g",
    "category": { "sub": "Hamburgere", "parent": "Kjøtt og kylling" },
    "price": { "price": 122.9, "unitPrice": 153.63, "unit": "kg", "qty": 0.8 }
  },
  {
    "title": "Gildeburger 3xcheese",
    "subtitle": "8 stk i pk, 800 g",
    "category": { "sub": "Hamburgere", "parent": "Kjøtt og kylling" },
    "price": { "price": 120.2, "unitPrice": 150.25, "unit": "kg", "qty": 0.8 }
  },
  {
    "title": "Gildeburger Classic",
    "subtitle": "8 stk i pk, 800 g",
    "category": { "sub": "Hamburgere", "parent": "Kjøtt og kylling" },
    "price": { "price": 88.7, "unitPrice": 110.88, "unit": "kg", "qty": 0.8 }
  },
  {
    "title": "Holy Smoke Storfeburger",
    "subtitle": "2 Stk, 300 g",
    "category": { "sub": "Hamburgere", "parent": "Kjøtt og kylling" },
    "price": { "price": 71.4, "unitPrice": 238, "unit": "kg", "qty": 0.3 }
  },
  {
    "title": "Chicken Cheeseburger",
    "subtitle": "2 Stk, 300 g",
    "category": { "sub": "Hamburgere", "parent": "Kjøtt og kylling" },
    "price": { "price": 54.4, "unitPrice": 181.33, "unit": "kg", "qty": 0.3 }
  },
  {
    "title": "Frosne Hamburgere",
    "subtitle": "Halal 4 Stk, 520 g",
    "category": { "sub": "Hamburgere", "parent": "Kjøtt og kylling" },
    "price": { "price": 112.4, "unitPrice": 216.15, "unit": "kg", "qty": 0.52 }
  },
  {
    "title": "Original Hamburger",
    "subtitle": "4 Stk, 520 g",
    "category": { "sub": "Hamburgere", "parent": "Kjøtt og kylling" },
    "price": { "price": 101.9, "unitPrice": 195.96, "unit": "kg", "qty": 0.52 }
  },
  {
    "title": "Home style Pepperburger",
    "subtitle": "4 Stk, 520 g",
    "category": { "sub": "Hamburgere", "parent": "Kjøtt og kylling" },
    "price": { "price": 98.4, "unitPrice": 189.23, "unit": "kg", "qty": 0.52 }
  },
  {
    "title": "Løvbit",
    "subtitle": "2x100 g, 200 g",
    "category": { "sub": "Hamburgere", "parent": "Kjøtt og kylling" },
    "price": { "price": 42.2, "unitPrice": 211, "unit": "kg", "qty": 0.2 }
  },
  {
    "title": "Hamburgerdressing",
    "subtitle": "300 g",
    "category": { "sub": "Hamburgere", "parent": "Kjøtt og kylling" },
    "price": { "price": 29.8, "unitPrice": 99.33, "unit": "kg", "qty": 0.3 }
  },
  {
    "title": "Hamburger Rå",
    "subtitle": "1 kg",
    "category": { "sub": "Hamburgere", "parent": "Kjøtt og kylling" },
    "price": { "price": 87.2, "unitPrice": 87.2, "unit": "kg", "qty": 1 }
  },
  {
    "title": "No Bull Burger",
    "subtitle": "2 stk, 226 g",
    "category": { "sub": "Hamburgere", "parent": "Kjøtt og kylling" },
    "price": { "price": 69.9, "unitPrice": 309.29, "unit": "kg", "qty": 0.23 }
  },
  {
    "title": "Salma Brg",
    "subtitle": "2 Stk Lakseburger, 260 g",
    "category": { "sub": "Hamburgere", "parent": "Kjøtt og kylling" },
    "price": { "price": 78.8, "unitPrice": 303.08, "unit": "kg", "qty": 0.26 }
  },
  {
    "title": "Økologiske Medisterkaker",
    "subtitle": "Hov Kjøtt, 500 g",
    "category": {
      "sub": "Kjøttboller og karbonader",
      "parent": "Kjøtt og kylling"
    },
    "price": { "price": 119, "unitPrice": 238, "unit": "kg", "qty": 0.5 }
  },
  {
    "title": "Medisterkaker",
    "subtitle": "400 g",
    "category": {
      "sub": "Kjøttboller og karbonader",
      "parent": "Kjøtt og kylling"
    },
    "price": { "price": 48.3, "unitPrice": 120.75, "unit": "kg", "qty": 0.4 }
  },
  {
    "title": "Kjøttkaker",
    "subtitle": "1 kg",
    "category": {
      "sub": "Kjøttboller og karbonader",
      "parent": "Kjøtt og kylling"
    },
    "price": { "price": 114.6, "unitPrice": 114.6, "unit": "kg", "qty": 1 }
  },
  {
    "title": "Karbonader",
    "subtitle": "1 kg",
    "category": {
      "sub": "Kjøttboller og karbonader",
      "parent": "Kjøtt og kylling"
    },
    "price": { "price": 115.3, "unitPrice": 115.3, "unit": "kg", "qty": 1 }
  },
  {
    "title": "Karbonader",
    "subtitle": "Halal, 480 g",
    "category": {
      "sub": "Kjøttboller og karbonader",
      "parent": "Kjøtt og kylling"
    },
    "price": { "price": 66.7, "unitPrice": 138.96, "unit": "kg", "qty": 0.48 }
  },
  {
    "title": "Kjøttkaker Ferske",
    "subtitle": "800 g",
    "category": {
      "sub": "Kjøttboller og karbonader",
      "parent": "Kjøtt og kylling"
    },
    "price": { "price": 59.9, "unitPrice": 74.88, "unit": "kg", "qty": 0.8 }
  },
  {
    "title": "Kjøttkaker",
    "subtitle": "16 stk, 800 g",
    "category": {
      "sub": "Kjøttboller og karbonader",
      "parent": "Kjøtt og kylling"
    },
    "price": { "price": 94.9, "unitPrice": 118.63, "unit": "kg", "qty": 0.8 }
  },
  {
    "title": "Svenske Kjøttboller",
    "subtitle": "Ca 60 stk",
    "category": {
      "sub": "Kjøttboller og karbonader",
      "parent": "Kjøtt og kylling"
    },
    "price": { "price": 91.7, "unitPrice": 114.63, "unit": "kg", "qty": 0.8 }
  },
  {
    "title": "Tapasboller av kylling,",
    "subtitle": "Med Soltørket tomat og oliven, 300 g",
    "category": {
      "sub": "Kjøttboller og karbonader",
      "parent": "Kjøtt og kylling"
    },
    "price": { "price": 72.5, "unitPrice": 241.67, "unit": "kg", "qty": 0.3 }
  },
  {
    "title": "Kyllingkjøttboller",
    "subtitle": "Halal, 400 g",
    "category": {
      "sub": "Kjøttboller og karbonader",
      "parent": "Kjøtt og kylling"
    },
    "price": { "price": 47.8, "unitPrice": 119.5, "unit": "kg", "qty": 0.4 }
  },
  {
    "title": "Spicy Kjøttboller Topping",
    "subtitle": "130 g",
    "category": {
      "sub": "Kjøttboller og karbonader",
      "parent": "Kjøtt og kylling"
    },
    "price": { "price": 20, "unitPrice": 153.85, "unit": "kg", "qty": 0.13 }
  },
  {
    "title": "Veggie Balls",
    "subtitle": "300 g",
    "category": {
      "sub": "Kjøttboller og karbonader",
      "parent": "Kjøtt og kylling"
    },
    "price": { "price": 49.3, "unitPrice": 164.33, "unit": "kg", "qty": 0.3 }
  },
  {
    "title": "Fersk Falafel",
    "subtitle": "Med Rødbet, 190 g",
    "category": {
      "sub": "Kjøttboller og karbonader",
      "parent": "Kjøtt og kylling"
    },
    "price": { "price": 44.8, "unitPrice": 235.79, "unit": "kg", "qty": 0.19 }
  },
  {
    "title": "Fersk Falafel",
    "subtitle": "190 g",
    "category": {
      "sub": "Kjøttboller og karbonader",
      "parent": "Kjøtt og kylling"
    },
    "price": { "price": 44.8, "unitPrice": 235.79, "unit": "kg", "qty": 0.19 }
  },
  {
    "title": "Fersk Falafel Brokkoli",
    "subtitle": "190 g",
    "category": {
      "sub": "Kjøttboller og karbonader",
      "parent": "Kjøtt og kylling"
    },
    "price": { "price": 43.6, "unitPrice": 229.47, "unit": "kg", "qty": 0.19 }
  },
  {
    "title": "Falafel",
    "subtitle": "300 g",
    "category": {
      "sub": "Kjøttboller og karbonader",
      "parent": "Kjøtt og kylling"
    },
    "price": { "price": 42.8, "unitPrice": 142.67, "unit": "kg", "qty": 0.3 }
  },
  {
    "title": "Peppes Originale Kjøttboller",
    "subtitle": "120 g",
    "category": {
      "sub": "Kjøttboller og karbonader",
      "parent": "Kjøtt og kylling"
    },
    "price": { "price": 30.1, "unitPrice": 250.83, "unit": "kg", "qty": 0.12 }
  },
  {
    "title": "Kylling Nuggets",
    "subtitle": "300 g",
    "category": {
      "sub": "Kjøttboller og karbonader",
      "parent": "Kjøtt og kylling"
    },
    "price": { "price": 66.5, "unitPrice": 221.67, "unit": "kg", "qty": 0.3 }
  },
  {
    "title": "XXL Kjøttboller",
    "subtitle": "900 g",
    "category": {
      "sub": "Kjøttboller og karbonader",
      "parent": "Kjøtt og kylling"
    },
    "price": { "price": 59, "unitPrice": 65.56, "unit": "kg", "qty": 0.9 }
  },
  {
    "title": "Nuggets Av Kylling og svinekjøtt",
    "subtitle": "900 g",
    "category": {
      "sub": "Kjøttboller og karbonader",
      "parent": "Kjøtt og kylling"
    },
    "price": { "price": 105.6, "unitPrice": 117.33, "unit": "kg", "qty": 0.9 }
  },
  {
    "title": "Plantebaserte Nuggets",
    "subtitle": "240 g",
    "category": {
      "sub": "Kjøttboller og karbonader",
      "parent": "Kjøtt og kylling"
    },
    "price": { "price": 43.5, "unitPrice": 181.25, "unit": "kg", "qty": 0.24 }
  },
  {
    "title": "Crispy Nuggets",
    "subtitle": "180 g",
    "category": {
      "sub": "Kjøttboller og karbonader",
      "parent": "Kjøtt og kylling"
    },
    "price": { "price": 55.2, "unitPrice": 306.67, "unit": "kg", "qty": 0.18 }
  },
  {
    "title": "Plant-based Nuggets",
    "subtitle": "300 g",
    "category": {
      "sub": "Kjøttboller og karbonader",
      "parent": "Kjøtt og kylling"
    },
    "price": { "price": 52.8, "unitPrice": 176, "unit": "kg", "qty": 0.3 }
  },
  {
    "title": "Plantebaserte Stekte Boller",
    "subtitle": "240 g",
    "category": {
      "sub": "Kjøttboller og karbonader",
      "parent": "Kjøtt og kylling"
    },
    "price": { "price": 43.5, "unitPrice": 181.25, "unit": "kg", "qty": 0.24 }
  },
  {
    "title": "Miniboller med Hvitløk & Urter",
    "subtitle": "Liv Laga, 300 g",
    "category": {
      "sub": "Kjøttboller og karbonader",
      "parent": "Kjøtt og kylling"
    },
    "price": { "price": 37.8, "unitPrice": 126, "unit": "kg", "qty": 0.3 }
  },
  {
    "title": "Schnitzel",
    "subtitle": "180 g",
    "category": {
      "sub": "Kjøttboller og karbonader",
      "parent": "Kjøtt og kylling"
    },
    "price": { "price": 55.2, "unitPrice": 306.67, "unit": "kg", "qty": 0.18 }
  },
  {
    "title": "Ostesnitzel",
    "subtitle": "4 stk, 500 g",
    "category": {
      "sub": "Kjøttboller og karbonader",
      "parent": "Kjøtt og kylling"
    },
    "price": { "price": 35, "unitPrice": 70, "unit": "kg", "qty": 0.5 }
  },
  {
    "title": "Ostesteaklet Med Røkt Skinke",
    "subtitle": "300 g",
    "category": {
      "sub": "Kjøttboller og karbonader",
      "parent": "Kjøtt og kylling"
    },
    "price": { "price": 43.8, "unitPrice": 146, "unit": "kg", "qty": 0.3 }
  },
  {
    "title": "Kjøttpudding",
    "subtitle": "500 g",
    "category": {
      "sub": "Kjøttboller og karbonader",
      "parent": "Kjøtt og kylling"
    },
    "price": { "price": 59.8, "unitPrice": 119.6, "unit": "kg", "qty": 0.5 }
  },
  {
    "title": "Blodpølse Snabb",
    "subtitle": "500 g",
    "category": {
      "sub": "Kjøttboller og karbonader",
      "parent": "Kjøtt og kylling"
    },
    "price": { "price": 49.6, "unitPrice": 99.2, "unit": "kg", "qty": 0.5 }
  },
  {
    "title": "Karbonader Ferske",
    "subtitle": "800 g",
    "category": {
      "sub": "Kjøttboller og karbonader",
      "parent": "Kjøtt og kylling"
    },
    "price": { "price": 42.9, "unitPrice": 53.63, "unit": "kg", "qty": 0.8 }
  },
  {
    "title": "Reinsdyrkaker",
    "subtitle": "500 g",
    "category": {
      "sub": "Kjøttboller og karbonader",
      "parent": "Kjøtt og kylling"
    },
    "price": { "price": 41.8, "unitPrice": 83.6, "unit": "kg", "qty": 0.5 }
  },
  {
    "title": "Karbonadekaker",
    "subtitle": "Ca 9 stk",
    "category": {
      "sub": "Kjøttboller og karbonader",
      "parent": "Kjøtt og kylling"
    },
    "price": { "price": 91.8, "unitPrice": 113.33, "unit": "kg", "qty": 0.81 }
  },
  {
    "title": "Grønnsaks Nuggets",
    "subtitle": "310 g",
    "category": {
      "sub": "Kjøttboller og karbonader",
      "parent": "Kjøtt og kylling"
    },
    "price": { "price": 48.8, "unitPrice": 157.42, "unit": "kg", "qty": 0.31 }
  },
  {
    "title": "Grove karbonader",
    "subtitle": "Med Løk, 5 stk",
    "category": {
      "sub": "Kjøttboller og karbonader",
      "parent": "Kjøtt og kylling"
    },
    "price": { "price": 79.9, "unitPrice": 177.56, "unit": "kg", "qty": 0.45 }
  },
  {
    "title": "Lunsjkaker",
    "subtitle": "3 stk",
    "category": {
      "sub": "Kjøttboller og karbonader",
      "parent": "Kjøtt og kylling"
    },
    "price": { "price": 39.9, "unitPrice": 147.78, "unit": "kg", "qty": 0.27 }
  },
  {
    "title": "No Bull Veganboller",
    "subtitle": "16 stk, 192 g",
    "category": {
      "sub": "Kjøttboller og karbonader",
      "parent": "Kjøtt og kylling"
    },
    "price": { "price": 69.9, "unitPrice": 364.06, "unit": "kg", "qty": 0.19 }
  },
  {
    "title": "Medisterkaker",
    "subtitle": "6 stk",
    "category": {
      "sub": "Kjøttboller og karbonader",
      "parent": "Kjøtt og kylling"
    },
    "price": { "price": 59.9, "unitPrice": 153.59, "unit": "kg", "qty": 0.39 }
  },
  {
    "title": "Elgkarbonader",
    "subtitle": "3 stk",
    "category": {
      "sub": "Kjøttboller og karbonader",
      "parent": "Kjøtt og kylling"
    },
    "price": { "price": 49.9, "unitPrice": 184.81, "unit": "kg", "qty": 0.27 }
  },
  {
    "title": "Hellstrøms Salsiccia Rå",
    "subtitle": "4 stk",
    "category": { "sub": "Pølser", "parent": "Kjøtt og kylling" },
    "price": { "price": 89.9, "unitPrice": 224.75, "unit": "kg", "qty": 0.4 }
  },
  {
    "title": "Wienerpølser",
    "subtitle": "Ca. 28 stk",
    "category": { "sub": "Pølser", "parent": "Kjøtt og kylling" },
    "price": { "price": 279, "unitPrice": 139.5, "unit": "kg", "qty": 2 }
  },
  {
    "title": "Over Oslo Pølser med Ramsløk",
    "subtitle": "Norgesmester 2020, 3 stk",
    "category": { "sub": "Pølser", "parent": "Kjøtt og kylling" },
    "price": { "price": 69.9, "unitPrice": 233, "unit": "kg", "qty": 0.3 }
  },
  {
    "title": "Kreolsk Chillipølser",
    "subtitle": "3 Stk, 300 g",
    "category": { "sub": "Pølser", "parent": "Kjøtt og kylling" },
    "price": { "price": 69.9, "unitPrice": 233, "unit": "kg", "qty": 0.3 }
  },
  {
    "title": "Lammepølser",
    "subtitle": "3 Stk, 300 g",
    "category": { "sub": "Pølser", "parent": "Kjøtt og kylling" },
    "price": { "price": 69.9, "unitPrice": 233, "unit": "kg", "qty": 0.3 }
  },
  {
    "title": "Ostepølser med Chili",
    "subtitle": "Norgesmester 2020, 3 stk",
    "category": { "sub": "Pølser", "parent": "Kjøtt og kylling" },
    "price": { "price": 69.9, "unitPrice": 233, "unit": "kg", "qty": 0.3 }
  },
  {
    "title": "Hellstrøms Angus Pølser",
    "subtitle": "4 stk",
    "category": { "sub": "Pølser", "parent": "Kjøtt og kylling" },
    "price": { "price": 69.9, "unitPrice": 174.75, "unit": "kg", "qty": 0.4 }
  },
  {
    "title": "Rostbrattwürst Pølser",
    "subtitle": "3 Stk, 300 g",
    "category": { "sub": "Pølser", "parent": "Kjøtt og kylling" },
    "price": { "price": 69.9, "unitPrice": 233, "unit": "kg", "qty": 0.3 }
  },
  {
    "title": "Grillpølser Lange",
    "subtitle": "3 stk, 300 g",
    "category": { "sub": "Pølser", "parent": "Kjøtt og kylling" },
    "price": { "price": 59.9, "unitPrice": 199.67, "unit": "kg", "qty": 0.3 }
  },
  {
    "title": "Økologisk Bratwurst",
    "subtitle": "Spikkerud Gård, 3 stk",
    "category": { "sub": "Pølser", "parent": "Kjøtt og kylling" },
    "price": { "price": 79.9, "unitPrice": 228.29, "unit": "kg", "qty": 0.35 }
  },
  {
    "title": "Bratwurst-Knacker",
    "subtitle": "250 g",
    "category": { "sub": "Pølser", "parent": "Kjøtt og kylling" },
    "price": { "price": 41.8, "unitPrice": 167.2, "unit": "kg", "qty": 0.25 }
  },
  {
    "title": "Chorizo-Knacker",
    "subtitle": "250 g",
    "category": { "sub": "Pølser", "parent": "Kjøtt og kylling" },
    "price": { "price": 38.8, "unitPrice": 155.2, "unit": "kg", "qty": 0.25 }
  },
  {
    "title": "Bacon & Ost-Knacker",
    "subtitle": "250 g",
    "category": { "sub": "Pølser", "parent": "Kjøtt og kylling" },
    "price": { "price": 40.4, "unitPrice": 161.6, "unit": "kg", "qty": 0.25 }
  },
  {
    "title": "Ost-Knacker",
    "subtitle": "250 g",
    "category": { "sub": "Pølser", "parent": "Kjøtt og kylling" },
    "price": { "price": 39.8, "unitPrice": 159.2, "unit": "kg", "qty": 0.25 }
  },
  {
    "title": "Familiewiener 20stk",
    "subtitle": "20 stk, 1,1 kg",
    "category": { "sub": "Pølser", "parent": "Kjøtt og kylling" },
    "price": { "price": 107.9, "unitPrice": 98.09, "unit": "kg", "qty": 1.1 }
  },
  {
    "title": "Wienerpølser",
    "subtitle": "20 stk, 1,1 kg",
    "category": { "sub": "Pølser", "parent": "Kjøtt og kylling" },
    "price": { "price": 105.9, "unitPrice": 96.27, "unit": "kg", "qty": 1.1 }
  },
  {
    "title": "Wienerpølse",
    "subtitle": "560 g",
    "category": { "sub": "Pølser", "parent": "Kjøtt og kylling" },
    "price": { "price": 57.2, "unitPrice": 102.14, "unit": "kg", "qty": 0.56 }
  },
  {
    "title": "Wienerpølse",
    "subtitle": "Go og Mager, 520 g",
    "category": { "sub": "Pølser", "parent": "Kjøtt og kylling" },
    "price": { "price": 49.8, "unitPrice": 95.77, "unit": "kg", "qty": 0.52 }
  },
  {
    "title": "Wienerpølse",
    "subtitle": "8 stk, 520 g",
    "category": { "sub": "Pølser", "parent": "Kjøtt og kylling" },
    "price": { "price": 43.9, "unitPrice": 84.42, "unit": "kg", "qty": 0.52 }
  },
  {
    "title": "Kylling Wiener",
    "subtitle": "8 Stk, 500 g",
    "category": { "sub": "Pølser", "parent": "Kjøtt og kylling" },
    "price": { "price": 46.4, "unitPrice": 92.8, "unit": "kg", "qty": 0.5 }
  },
  {
    "title": "Kylling Wiener Halal",
    "subtitle": "500 g",
    "category": { "sub": "Pølser", "parent": "Kjøtt og kylling" },
    "price": { "price": 57.8, "unitPrice": 115.6, "unit": "kg", "qty": 0.5 }
  },
  {
    "title": "Prima Wienerpølse",
    "subtitle": "12 stk, 875 g",
    "category": { "sub": "Pølser", "parent": "Kjøtt og kylling" },
    "price": { "price": 75.4, "unitPrice": 86.17, "unit": "kg", "qty": 0.88 }
  },
  {
    "title": "Grillpølse",
    "subtitle": "495 g",
    "category": { "sub": "Pølser", "parent": "Kjøtt og kylling" },
    "price": { "price": 39.8, "unitPrice": 80.4, "unit": "kg", "qty": 0.5 }
  },
  {
    "title": "Grillpølse Ost & Chilli",
    "subtitle": "600 g",
    "category": { "sub": "Pølser", "parent": "Kjøtt og kylling" },
    "price": { "price": 58.9, "unitPrice": 98.17, "unit": "kg", "qty": 0.6 }
  },
  {
    "title": "Ostegrill",
    "subtitle": "350 g",
    "category": { "sub": "Pølser", "parent": "Kjøtt og kylling" },
    "price": { "price": 32, "unitPrice": 91.43, "unit": "kg", "qty": 0.35 }
  },
  {
    "title": "Bacongrill med Ost",
    "subtitle": "350 g",
    "category": { "sub": "Pølser", "parent": "Kjøtt og kylling" },
    "price": { "price": 35.2, "unitPrice": 100.57, "unit": "kg", "qty": 0.35 }
  },
  {
    "title": "Ostegrill Kylling & Kalkun",
    "subtitle": "325 g",
    "category": { "sub": "Pølser", "parent": "Kjøtt og kylling" },
    "price": { "price": 43.7, "unitPrice": 134.46, "unit": "kg", "qty": 0.33 }
  },
  {
    "title": "Kylling Grillpølse",
    "subtitle": "7 Stk, 500 g",
    "category": { "sub": "Pølser", "parent": "Kjøtt og kylling" },
    "price": { "price": 27.5, "unitPrice": 55, "unit": "kg", "qty": 0.5 }
  },
  {
    "title": "Grillpølse",
    "subtitle": "Go og Mager, 600 g",
    "category": { "sub": "Pølser", "parent": "Kjøtt og kylling" },
    "price": { "price": 37.3, "unitPrice": 62.17, "unit": "kg", "qty": 0.6 }
  },
  {
    "title": "Grillpølse Kylling Halal",
    "subtitle": "500 g",
    "category": { "sub": "Pølser", "parent": "Kjøtt og kylling" },
    "price": { "price": 47, "unitPrice": 94, "unit": "kg", "qty": 0.5 }
  },
  {
    "title": "Ostegrill",
    "subtitle": "6 stk, 480 g",
    "category": { "sub": "Pølser", "parent": "Kjøtt og kylling" },
    "price": { "price": 43.4, "unitPrice": 90.42, "unit": "kg", "qty": 0.48 }
  },
  {
    "title": "Grillpølse",
    "subtitle": "600 g",
    "category": { "sub": "Pølser", "parent": "Kjøtt og kylling" },
    "price": { "price": 39.2, "unitPrice": 65.33, "unit": "kg", "qty": 0.6 }
  },
  {
    "title": "Smårettpølse",
    "subtitle": "200 g",
    "category": { "sub": "Pølser", "parent": "Kjøtt og kylling" },
    "price": { "price": 34.8, "unitPrice": 174, "unit": "kg", "qty": 0.2 }
  },
  {
    "title": "Røkt Kjøttpølse Original",
    "subtitle": "1,2 kg",
    "category": { "sub": "Pølser", "parent": "Kjøtt og kylling" },
    "price": { "price": 90.5, "unitPrice": 75.42, "unit": "kg", "qty": 1.2 }
  },
  {
    "title": "Røkt Kjøttpølse",
    "subtitle": "Skinnfri, 450 g",
    "category": { "sub": "Pølser", "parent": "Kjøtt og kylling" },
    "price": { "price": 30.8, "unitPrice": 68.44, "unit": "kg", "qty": 0.45 }
  },
  {
    "title": "Røkt Kjøttpølse Av Kylling & Kalkun",
    "subtitle": "Skinnfri, 450 g",
    "category": { "sub": "Pølser", "parent": "Kjøtt og kylling" },
    "price": { "price": 52.2, "unitPrice": 116, "unit": "kg", "qty": 0.45 }
  },
  {
    "title": "Røkt Kjøttpølse uten Skinn",
    "subtitle": "Go og Mager, 450 g",
    "category": { "sub": "Pølser", "parent": "Kjøtt og kylling" },
    "price": { "price": 31.6, "unitPrice": 70.22, "unit": "kg", "qty": 0.45 }
  },
  {
    "title": "Kalkunkorv",
    "subtitle": "450 g",
    "category": { "sub": "Pølser", "parent": "Kjøtt og kylling" },
    "price": { "price": 43.8, "unitPrice": 97.33, "unit": "kg", "qty": 0.45 }
  },
  {
    "title": "Falukorv",
    "subtitle": "400 g",
    "category": { "sub": "Pølser", "parent": "Kjøtt og kylling" },
    "price": { "price": 48.4, "unitPrice": 121, "unit": "kg", "qty": 0.4 }
  },
  {
    "title": "Blodpølse Snabb",
    "subtitle": "500 g",
    "category": { "sub": "Pølser", "parent": "Kjøtt og kylling" },
    "price": { "price": 49.6, "unitPrice": 99.2, "unit": "kg", "qty": 0.5 }
  },
  {
    "title": "Falukorv Snabb",
    "subtitle": "400 g",
    "category": { "sub": "Pølser", "parent": "Kjøtt og kylling" },
    "price": { "price": 58.9, "unitPrice": 147.25, "unit": "kg", "qty": 0.4 }
  },
  {
    "title": "Beyond Sausage Bratwurst",
    "subtitle": "2 stk",
    "category": { "sub": "Pølser", "parent": "Kjøtt og kylling" },
    "price": { "price": 106.8, "unitPrice": 534, "unit": "kg", "qty": 0.2 }
  },
  {
    "title": "Plant-based Sausage",
    "subtitle": "6 stk, 300 g",
    "category": { "sub": "Pølser", "parent": "Kjøtt og kylling" },
    "price": { "price": 54, "unitPrice": 180, "unit": "kg", "qty": 0.3 }
  },
  {
    "title": "Smoked Sausage",
    "subtitle": "Plantebasert, 200 g",
    "category": { "sub": "Pølser", "parent": "Kjøtt og kylling" },
    "price": { "price": 55.2, "unitPrice": 276, "unit": "kg", "qty": 0.2 }
  },
  {
    "title": "Sausages",
    "subtitle": "5 stk, 300 g",
    "category": { "sub": "Pølser", "parent": "Kjøtt og kylling" },
    "price": { "price": 49.4, "unitPrice": 164.67, "unit": "kg", "qty": 0.3 }
  },
  {
    "title": "Telepølse",
    "subtitle": "250 g",
    "category": { "sub": "Pølser", "parent": "Kjøtt og kylling" },
    "price": { "price": 42.7, "unitPrice": 170.8, "unit": "kg", "qty": 0.25 }
  },
  {
    "title": "Prima Røkte Kjøttpølser",
    "subtitle": "720 g",
    "category": { "sub": "Pølser", "parent": "Kjøtt og kylling" },
    "price": { "price": 34.9, "unitPrice": 48.47, "unit": "kg", "qty": 0.72 }
  },
  {
    "title": "Bøkerøkt Frankfurter",
    "subtitle": "Norgesmester 2020, 3 stk",
    "category": { "sub": "Pølser", "parent": "Kjøtt og kylling" },
    "price": { "price": 64.9, "unitPrice": 216.33, "unit": "kg", "qty": 0.3 }
  },
  {
    "title": "Grov Østfolding",
    "subtitle": "Grov Pølse, 3 stk",
    "category": { "sub": "Pølser", "parent": "Kjøtt og kylling" },
    "price": { "price": 49.9, "unitPrice": 142.57, "unit": "kg", "qty": 0.35 }
  },
  {
    "title": "Sensational Sausage",
    "subtitle": "180 g",
    "category": { "sub": "Pølser", "parent": "Kjøtt og kylling" },
    "price": { "price": 44.9, "unitPrice": 249.44, "unit": "kg", "qty": 0.18 }
  },
  {
    "title": "Sterk Østfolding",
    "subtitle": "Grov Pølse, 3 stk",
    "category": { "sub": "Pølser", "parent": "Kjøtt og kylling" },
    "price": { "price": 49.9, "unitPrice": 142.57, "unit": "kg", "qty": 0.35 }
  },
  {
    "title": "Grillpølser",
    "subtitle": "Vår Laveste Pris, 16 stk",
    "category": { "sub": "Pølser", "parent": "Kjøtt og kylling" },
    "price": { "price": 22, "unitPrice": 24.44, "unit": "kg", "qty": 0.9 }
  },
  {
    "title": "Løkpølse",
    "subtitle": "Norgesmester 2020, 3 stk",
    "category": { "sub": "Pølser", "parent": "Kjøtt og kylling" },
    "price": { "price": 64.9, "unitPrice": 216.33, "unit": "kg", "qty": 0.3 }
  },
  {
    "title": "Cumberland Sausages",
    "subtitle": "10 stk, 500 g",
    "category": { "sub": "Pølser", "parent": "Kjøtt og kylling" },
    "price": { "price": 94.9, "unitPrice": 189.8, "unit": "kg", "qty": 0.5 }
  },
  {
    "title": "Sensational Chorizo",
    "subtitle": "180 g",
    "category": { "sub": "Pølser", "parent": "Kjøtt og kylling" },
    "price": { "price": 44.9, "unitPrice": 249.44, "unit": "kg", "qty": 0.18 }
  },
  {
    "title": "Go'vegan Grillpølser",
    "subtitle": "400 g",
    "category": { "sub": "Pølser", "parent": "Kjøtt og kylling" },
    "price": { "price": 49.9, "unitPrice": 124.75, "unit": "kg", "qty": 0.4 }
  },
  {
    "title": "Laksefilet med skinn",
    "subtitle": "Domstein, Oppdrett, fersk, ca. 400 g",
    "category": { "sub": "Fersk fisk", "parent": "Fisk og sjømat" },
    "price": { "price": 114.3, "unitPrice": 285.75, "unit": "kg", "qty": 0.4 }
  },
  {
    "title": "Laksefilet med Skinn",
    "subtitle": "Domstein, Oppdrett, Fersk, ca. 200 g",
    "category": { "sub": "Fersk fisk", "parent": "Fisk og sjømat" },
    "price": { "price": 57.8, "unitPrice": 289, "unit": "kg", "qty": 0.2 }
  },
  {
    "title": "Ørretfilet med Skinn",
    "subtitle": "Domstein, Oppdrett, Fersk, ca. 400 g",
    "category": { "sub": "Fersk fisk", "parent": "Fisk og sjømat" },
    "price": { "price": 125.8, "unitPrice": 314.5, "unit": "kg", "qty": 0.4 }
  },
  {
    "title": "Ørretfilet med Skinn",
    "subtitle": "Domstein, Oppdrett, Fersk, ca. 200 g",
    "category": { "sub": "Fersk fisk", "parent": "Fisk og sjømat" },
    "price": { "price": 63.4, "unitPrice": 317, "unit": "kg", "qty": 0.2 }
  },
  {
    "title": "Torskefilet uten Skinn",
    "subtitle": "Domstein, Fersk villfisk, ca. 200 g",
    "category": { "sub": "Fersk fisk", "parent": "Fisk og sjømat" },
    "price": { "price": 50.9, "unitPrice": 254.5, "unit": "kg", "qty": 0.2 }
  },
  {
    "title": "Torskefilet Lettsaltet",
    "subtitle": "Domstein, Med Skinn Villfisk, ca. 400 g",
    "category": { "sub": "Fersk fisk", "parent": "Fisk og sjømat" },
    "price": { "price": 77.9, "unitPrice": 194.75, "unit": "kg", "qty": 0.4 }
  },
  {
    "title": "Torskefilet Lettsaltet",
    "subtitle": "Domstein, Med Skinn Villfisk, ca. 200 g",
    "category": { "sub": "Fersk fisk", "parent": "Fisk og sjømat" },
    "price": { "price": 47.8, "unitPrice": 239, "unit": "kg", "qty": 0.2 }
  },
  {
    "title": "Seifilet uten Skinn",
    "subtitle": "Domstein, Fersk villfisk, ca. 400 g",
    "category": { "sub": "Fersk fisk", "parent": "Fisk og sjømat" },
    "price": { "price": 55.4, "unitPrice": 138.5, "unit": "kg", "qty": 0.4 }
  },
  {
    "title": "Seifilet uten Skinn",
    "subtitle": "Domstein, Fersk villfisk, ca. 200 g",
    "category": { "sub": "Fersk fisk", "parent": "Fisk og sjømat" },
    "price": { "price": 29, "unitPrice": 145, "unit": "kg", "qty": 0.2 }
  },
  {
    "title": "Smørflyndrefilet",
    "subtitle": "Domstein, Villfisk, ca. 400 g",
    "category": { "sub": "Fersk fisk", "parent": "Fisk og sjømat" },
    "price": { "price": 139.2, "unitPrice": 348, "unit": "kg", "qty": 0.4 }
  },
  {
    "title": "Smørflyndrefilet",
    "subtitle": "Domstein, Villfisk, ca. 200 g",
    "category": { "sub": "Fersk fisk", "parent": "Fisk og sjømat" },
    "price": { "price": 72.2, "unitPrice": 361, "unit": "kg", "qty": 0.2 }
  },
  {
    "title": "Lettsaltet Torskefilet",
    "subtitle": "Fiskcentralen, Med Skinn Ca 350-400g",
    "category": { "sub": "Fersk fisk", "parent": "Fisk og sjømat" },
    "price": { "price": 70.6, "unitPrice": 176.5, "unit": "kg", "qty": 0.4 }
  },
  {
    "title": "Ørretfilet med Skinn",
    "subtitle": "Fiskeriet, Naturell, 400 g",
    "category": { "sub": "Fersk fisk", "parent": "Fisk og sjømat" },
    "price": { "price": 69, "unitPrice": 172.5, "unit": "kg", "qty": 0.4 }
  },
  {
    "title": "Laksefilet Naturell",
    "subtitle": "Norsk Sjømat, Uten Skinn, 500 g",
    "category": { "sub": "Fersk fisk", "parent": "Fisk og sjømat" },
    "price": { "price": 102, "unitPrice": 204, "unit": "kg", "qty": 0.5 }
  },
  {
    "title": "Laksefilet Naturell med Skinn",
    "subtitle": "Norsk Sjømat, ca. 500 g",
    "category": { "sub": "Fersk fisk", "parent": "Fisk og sjømat" },
    "price": { "price": 81.4, "unitPrice": 162.8, "unit": "kg", "qty": 0.5 }
  },
  {
    "title": "Fersk Torskefilet Uten Skinn",
    "subtitle": "Domstein, ca. 400 g",
    "category": { "sub": "Fersk fisk", "parent": "Fisk og sjømat" },
    "price": { "price": 98.4, "unitPrice": 246, "unit": "kg", "qty": 0.4 }
  },
  {
    "title": "Russisk Størkaviar",
    "subtitle": "Carelian Caviar, 30 g",
    "category": { "sub": "Fersk fisk", "parent": "Fisk og sjømat" },
    "price": {
      "price": 479.9,
      "unitPrice": 15996.67,
      "unit": "kg",
      "qty": 0.03
    }
  },
  {
    "title": "Røkt Torskefilet",
    "subtitle": "Domstein, Med Skinn, ca. 400 g",
    "category": { "sub": "Fersk fisk", "parent": "Fisk og sjømat" },
    "price": { "price": 100.2, "unitPrice": 250.5, "unit": "kg", "qty": 0.4 }
  },
  {
    "title": "Laks Midloin",
    "subtitle": "Lofoten, 300 g",
    "category": { "sub": "Fersk fisk", "parent": "Fisk og sjømat" },
    "price": { "price": 98.4, "unitPrice": 328, "unit": "kg", "qty": 0.3 }
  },
  {
    "title": "Laks Backloin",
    "subtitle": "Lofoten, 180 g",
    "category": { "sub": "Fersk fisk", "parent": "Fisk og sjømat" },
    "price": { "price": 64.8, "unitPrice": 360, "unit": "kg", "qty": 0.18 }
  },
  {
    "title": "Fiskegrateng",
    "subtitle": "Lofoten, 900 g",
    "category": { "sub": "Fersk fisk", "parent": "Fisk og sjømat" },
    "price": { "price": 113.9, "unitPrice": 126.56, "unit": "kg", "qty": 0.9 }
  },
  {
    "title": "Fersk Brosmefilet",
    "subtitle": "Domstein, Uten Skinn, ca. 200 g",
    "category": { "sub": "Fersk fisk", "parent": "Fisk og sjømat" },
    "price": { "price": 54.4, "unitPrice": 272, "unit": "kg", "qty": 0.2 }
  },
  {
    "title": "Fersk Brosmefilet",
    "subtitle": "Domstein, Uten Skinn, ca. 400 g",
    "category": { "sub": "Fersk fisk", "parent": "Fisk og sjømat" },
    "price": { "price": 108.4, "unitPrice": 271, "unit": "kg", "qty": 0.4 }
  },
  {
    "title": "Salma Brg",
    "subtitle": "Salma, 2 Stk Lakseburger, 260 g",
    "category": { "sub": "Fersk fisk", "parent": "Fisk og sjømat" },
    "price": { "price": 78.8, "unitPrice": 303.08, "unit": "kg", "qty": 0.26 }
  },
  {
    "title": "Laksebiff Uten Skinn",
    "subtitle": "Domstein, , Garantert Beinfri, 4 stk",
    "category": { "sub": "Fersk fisk", "parent": "Fisk og sjømat" },
    "price": { "price": 149, "unitPrice": 298, "unit": "kg", "qty": 0.5 }
  },
  {
    "title": "Fersk Langefilet",
    "subtitle": "Domstein, Uten Skinn, ca. 400 g",
    "category": { "sub": "Fersk fisk", "parent": "Fisk og sjømat" },
    "price": { "price": 99, "unitPrice": 247.5, "unit": "kg", "qty": 0.4 }
  },
  {
    "title": "Fersk Langefilet",
    "subtitle": "Domstein, Uten Skinn, ca. 200 g",
    "category": { "sub": "Fersk fisk", "parent": "Fisk og sjømat" },
    "price": { "price": 52.9, "unitPrice": 264.5, "unit": "kg", "qty": 0.2 }
  },
  {
    "title": "SALMA Taco",
    "subtitle": "Salma, Med Fersk Tacosaus, 400 g",
    "category": { "sub": "Fersk fisk", "parent": "Fisk og sjømat" },
    "price": { "price": 79.8, "unitPrice": 199.5, "unit": "kg", "qty": 0.4 }
  },
  {
    "title": "Bellyloin 1/2",
    "subtitle": "Salma, Norge, ca. 400 g",
    "category": { "sub": "Fersk fisk", "parent": "Fisk og sjømat" },
    "price": { "price": 142, "unitPrice": 355, "unit": "kg", "qty": 0.4 }
  },
  {
    "title": "Salma Backloin",
    "subtitle": "Salma, Fastvekt, 190 g",
    "category": { "sub": "Fersk fisk", "parent": "Fisk og sjømat" },
    "price": { "price": 78.8, "unitPrice": 414.74, "unit": "kg", "qty": 0.19 }
  },
  {
    "title": "Salma Bellyloin",
    "subtitle": "Salma, Fastvekt, 360 g",
    "category": { "sub": "Fersk fisk", "parent": "Fisk og sjømat" },
    "price": { "price": 133.4, "unitPrice": 370.56, "unit": "kg", "qty": 0.36 }
  },
  {
    "title": "Backloin 1/2",
    "subtitle": "Salma, Norge, ca. 200 g",
    "category": { "sub": "Fersk fisk", "parent": "Fisk og sjømat" },
    "price": { "price": 73.7, "unitPrice": 368.5, "unit": "kg", "qty": 0.2 }
  },
  {
    "title": "Amerikansk Hummer",
    "subtitle": "Ocean Choice, 325 g",
    "category": { "sub": "Skalldyr", "parent": "Fisk og sjømat" },
    "price": { "price": 99, "unitPrice": 304.62, "unit": "kg", "qty": 0.32 }
  },
  {
    "title": "Ekstra Store Frosne Reker",
    "subtitle": "Royal Greenland, Str 50/70, 5 kg",
    "category": { "sub": "Skalldyr", "parent": "Fisk og sjømat" },
    "price": { "price": 851.4, "unitPrice": 170.28, "unit": "kg", "qty": 5 }
  },
  {
    "title": "Ferske Reker",
    "subtitle": "Domstein, 500 g",
    "category": { "sub": "Skalldyr", "parent": "Fisk og sjømat" },
    "price": { "price": 109, "unitPrice": 218, "unit": "kg", "qty": 0.5 }
  },
  {
    "title": "Frosne Store Reker",
    "subtitle": "Mathias AS, Str 70/90, 5 kg",
    "category": { "sub": "Skalldyr", "parent": "Fisk og sjømat" },
    "price": { "price": 559, "unitPrice": 111.8, "unit": "kg", "qty": 5 }
  },
  {
    "title": "Håndpillede Reker i Lake",
    "subtitle": "Troll Salmon, 240 g",
    "category": { "sub": "Skalldyr", "parent": "Fisk og sjømat" },
    "price": { "price": 104.9, "unitPrice": 437.08, "unit": "kg", "qty": 0.24 }
  },
  {
    "title": "Frosne Fylte Krabbeskjell",
    "subtitle": "Kongshaug Krabbe, 1 stk",
    "category": { "sub": "Skalldyr", "parent": "Fisk og sjømat" },
    "price": { "price": 54.4, "unitPrice": 362.67, "unit": "kg", "qty": 0.15 }
  },
  {
    "title": "Hitra Krabbeskjell",
    "subtitle": "Lofoten, Med Klo og Rogn, 150 g",
    "category": { "sub": "Skalldyr", "parent": "Fisk og sjømat" },
    "price": { "price": 57.9, "unitPrice": 386, "unit": "kg", "qty": 0.15 }
  },
  {
    "title": "Hitra Krabbeklør",
    "subtitle": "Lofoten, 450 g",
    "category": { "sub": "Skalldyr", "parent": "Fisk og sjømat" },
    "price": { "price": 98.4, "unitPrice": 218.67, "unit": "kg", "qty": 0.45 }
  },
  {
    "title": "Fryst Klo av Kongekrabbe",
    "subtitle": "MS Donna, Rå, 400 g",
    "category": { "sub": "Skalldyr", "parent": "Fisk og sjømat" },
    "price": { "price": 369, "unitPrice": 922.5, "unit": "kg", "qty": 0.4 }
  },
  {
    "title": "Fryst Kongekrabbe Ben Nedre Del",
    "subtitle": "MS Donna, Rå, 400 g",
    "category": { "sub": "Skalldyr", "parent": "Fisk og sjømat" },
    "price": { "price": 369, "unitPrice": 922.5, "unit": "kg", "qty": 0.4 }
  },
  {
    "title": "Fryst Kongekrabbe Ben Toppstykket",
    "subtitle": "MS Donna, Rå, 400 g",
    "category": { "sub": "Skalldyr", "parent": "Fisk og sjømat" },
    "price": { "price": 379, "unitPrice": 947.5, "unit": "kg", "qty": 0.4 }
  },
  {
    "title": "Kokt Kongekrabbe",
    "subtitle": "Mathias AS, 1 kg",
    "category": { "sub": "Skalldyr", "parent": "Fisk og sjømat" },
    "price": { "price": 599, "unitPrice": 599, "unit": "kg", "qty": 1 }
  },
  {
    "title": "Levende Blåskjell",
    "subtitle": "Domstein, 1 kg",
    "category": { "sub": "Skalldyr", "parent": "Fisk og sjømat" },
    "price": { "price": 72.2, "unitPrice": 72.2, "unit": "kg", "qty": 1 }
  },
  {
    "title": "Frosne Halvkokt Blåskjell",
    "subtitle": "Chile, Str 60/80, 1 kg",
    "category": { "sub": "Skalldyr", "parent": "Fisk og sjømat" },
    "price": { "price": 65.3, "unitPrice": 65.3, "unit": "kg", "qty": 1 }
  },
  {
    "title": "Rå Scampi Uten Skall",
    "subtitle": "East Coast, Str 21/25, 750 g",
    "category": { "sub": "Skalldyr", "parent": "Fisk og sjømat" },
    "price": { "price": 143.7, "unitPrice": 191.6, "unit": "kg", "qty": 0.75 }
  },
  {
    "title": "Ekstra Store Rå Scampi Str 8/12",
    "subtitle": "East Coast, Ferdig rensket, 1 kg",
    "category": { "sub": "Skalldyr", "parent": "Fisk og sjømat" },
    "price": { "price": 217.5, "unitPrice": 217.5, "unit": "kg", "qty": 1 }
  },
  {
    "title": "Scampi Rå med Skall",
    "subtitle": "Godehav, 26/30, 400 g",
    "category": { "sub": "Skalldyr", "parent": "Fisk og sjømat" },
    "price": { "price": 76.4, "unitPrice": 191, "unit": "kg", "qty": 0.4 }
  },
  {
    "title": "Argentinske Kongereker",
    "subtitle": "East Coast, Rå, 450 g",
    "category": { "sub": "Skalldyr", "parent": "Fisk og sjømat" },
    "price": { "price": 110.3, "unitPrice": 245.11, "unit": "kg", "qty": 0.45 }
  },
  {
    "title": "Scampi Kokt Med Hale",
    "subtitle": "Godehav, 400 g",
    "category": { "sub": "Skalldyr", "parent": "Fisk og sjømat" },
    "price": { "price": 96.1, "unitPrice": 240.25, "unit": "kg", "qty": 0.4 }
  },
  {
    "title": "Sjøfrosne Kamskjell",
    "subtitle": "Ocean Choice, Str 20/30, 920 g",
    "category": { "sub": "Skalldyr", "parent": "Fisk og sjømat" },
    "price": { "price": 392.4, "unitPrice": 426.52, "unit": "kg", "qty": 0.92 }
  },
  {
    "title": "Frosne Kamskjell Uten Rogn",
    "subtitle": "East Coast, USA, Str 10/20, 500 g",
    "category": { "sub": "Skalldyr", "parent": "Fisk og sjømat" },
    "price": { "price": 141.1, "unitPrice": 282.2, "unit": "kg", "qty": 0.5 }
  },
  {
    "title": "Frosne Kamskjell",
    "subtitle": "Fiskeriet, 360 g",
    "category": { "sub": "Skalldyr", "parent": "Fisk og sjømat" },
    "price": { "price": 154.5, "unitPrice": 429.17, "unit": "kg", "qty": 0.36 }
  },
  {
    "title": "Dim Sum Reker",
    "subtitle": "20 stk, 500 g",
    "category": { "sub": "Skalldyr", "parent": "Fisk og sjømat" },
    "price": { "price": 76.4, "unitPrice": 152.8, "unit": "kg", "qty": 0.5 }
  },
  {
    "title": "Dim Sum Reker Shomai",
    "subtitle": "20 stk",
    "category": { "sub": "Skalldyr", "parent": "Fisk og sjømat" },
    "price": { "price": 76.4, "unitPrice": 152.8, "unit": "kg", "qty": 0.5 }
  },
  {
    "title": "Scampi",
    "subtitle": "Salatmester'n , Ferdig kokt, 270 g",
    "category": { "sub": "Skalldyr", "parent": "Fisk og sjømat" },
    "price": { "price": 62, "unitPrice": 229.63, "unit": "kg", "qty": 0.27 }
  },
  {
    "title": "Skalldyrmiks",
    "subtitle": "Fiskeriet, 170 g",
    "category": { "sub": "Skalldyr", "parent": "Fisk og sjømat" },
    "price": { "price": 43.7, "unitPrice": 257.06, "unit": "kg", "qty": 0.17 }
  },
  {
    "title": "Lobnobs",
    "subtitle": "Sibelia, 90 g",
    "category": { "sub": "Skalldyr", "parent": "Fisk og sjømat" },
    "price": { "price": 21.9, "unitPrice": 243.33, "unit": "kg", "qty": 0.09 }
  },
  {
    "title": "Best Pris Reker",
    "subtitle": "Prima, 90+, 2 kg",
    "category": { "sub": "Skalldyr", "parent": "Fisk og sjømat" },
    "price": { "price": 99.9, "unitPrice": 49.95, "unit": "kg", "qty": 2 }
  },
  {
    "title": "Crabsticks",
    "subtitle": "Prima, 250 g",
    "category": { "sub": "Skalldyr", "parent": "Fisk og sjømat" },
    "price": { "price": 12.3, "unitPrice": 49.2, "unit": "kg", "qty": 0.25 }
  },
  {
    "title": "Varmrøkt Pepperlaks",
    "subtitle": "ca. 280 g",
    "category": { "sub": "Røkt og gravet fisk", "parent": "Fisk og sjømat" },
    "price": { "price": 85.7, "unitPrice": 306.07, "unit": "kg", "qty": 0.28 }
  },
  {
    "title": "Sweet-Chili Laks i Bit",
    "subtitle": "ca. 280 g",
    "category": { "sub": "Røkt og gravet fisk", "parent": "Fisk og sjømat" },
    "price": { "price": 115.7, "unitPrice": 413.21, "unit": "kg", "qty": 0.28 }
  },
  {
    "title": "Røkt Laks i Skiver",
    "subtitle": "250 g",
    "category": { "sub": "Røkt og gravet fisk", "parent": "Fisk og sjømat" },
    "price": { "price": 94.9, "unitPrice": 379.6, "unit": "kg", "qty": 0.25 }
  },
  {
    "title": "Røkt Ørret i Skiver",
    "subtitle": "200 g",
    "category": { "sub": "Røkt og gravet fisk", "parent": "Fisk og sjømat" },
    "price": { "price": 94.7, "unitPrice": 473.5, "unit": "kg", "qty": 0.2 }
  },
  {
    "title": "Røkt Laks i Skiver",
    "subtitle": "120 g",
    "category": { "sub": "Røkt og gravet fisk", "parent": "Fisk og sjømat" },
    "price": { "price": 61.9, "unitPrice": 515.83, "unit": "kg", "qty": 0.12 }
  },
  {
    "title": "Gravet Laks i Skiver",
    "subtitle": "100 g",
    "category": { "sub": "Røkt og gravet fisk", "parent": "Fisk og sjømat" },
    "price": { "price": 49.8, "unitPrice": 498, "unit": "kg", "qty": 0.1 }
  },
  {
    "title": "Røkt Ørret Skivet",
    "subtitle": "350 g",
    "category": { "sub": "Røkt og gravet fisk", "parent": "Fisk og sjømat" },
    "price": { "price": 129, "unitPrice": 368.57, "unit": "kg", "qty": 0.35 }
  },
  {
    "title": "Einerrøkt Laks Skivet",
    "subtitle": "100 g",
    "category": { "sub": "Røkt og gravet fisk", "parent": "Fisk og sjømat" },
    "price": { "price": 48.8, "unitPrice": 488, "unit": "kg", "qty": 0.1 }
  },
  {
    "title": "Peppermakrell",
    "subtitle": "ca. 200 g",
    "category": { "sub": "Røkt og gravet fisk", "parent": "Fisk og sjømat" },
    "price": { "price": 26, "unitPrice": 130, "unit": "kg", "qty": 0.2 }
  },
  {
    "title": "Røkt Laks i Skiver",
    "subtitle": "500 g",
    "category": { "sub": "Røkt og gravet fisk", "parent": "Fisk og sjømat" },
    "price": { "price": 175.9, "unitPrice": 351.8, "unit": "kg", "qty": 0.5 }
  },
  {
    "title": "Kaldrøkt Laks",
    "subtitle": "250 g",
    "category": { "sub": "Røkt og gravet fisk", "parent": "Fisk og sjømat" },
    "price": { "price": 139, "unitPrice": 556, "unit": "kg", "qty": 0.25 }
  },
  {
    "title": "Kryddersildfilet",
    "subtitle": "220 g",
    "category": { "sub": "Røkt og gravet fisk", "parent": "Fisk og sjømat" },
    "price": { "price": 30.3, "unitPrice": 137.73, "unit": "kg", "qty": 0.22 }
  },
  {
    "title": "Einerrøkt Ørret Skivet",
    "subtitle": "260 g",
    "category": { "sub": "Røkt og gravet fisk", "parent": "Fisk og sjømat" },
    "price": { "price": 123.9, "unitPrice": 476.54, "unit": "kg", "qty": 0.26 }
  },
  {
    "title": "Einerrøkt Laks Skivet",
    "subtitle": "260 g",
    "category": { "sub": "Røkt og gravet fisk", "parent": "Fisk og sjømat" },
    "price": { "price": 118.9, "unitPrice": 457.31, "unit": "kg", "qty": 0.26 }
  },
  {
    "title": "Spekesildfilet",
    "subtitle": "220 g",
    "category": { "sub": "Røkt og gravet fisk", "parent": "Fisk og sjømat" },
    "price": { "price": 30.3, "unitPrice": 137.73, "unit": "kg", "qty": 0.22 }
  },
  {
    "title": "Røkt Laks Skivet",
    "subtitle": "100 g",
    "category": { "sub": "Røkt og gravet fisk", "parent": "Fisk og sjømat" },
    "price": { "price": 38.9, "unitPrice": 389, "unit": "kg", "qty": 0.1 }
  },
  {
    "title": "Røkt Laks Hel Side",
    "subtitle": "Vår Laveste Pris, ca. 1,1 kg",
    "category": { "sub": "Røkt og gravet fisk", "parent": "Fisk og sjømat" },
    "price": { "price": 217.5, "unitPrice": 197.73, "unit": "kg", "qty": 1.1 }
  },
  {
    "title": "Kaldrøkt Hval",
    "subtitle": "250 g",
    "category": { "sub": "Røkt og gravet fisk", "parent": "Fisk og sjømat" },
    "price": { "price": 139, "unitPrice": 556, "unit": "kg", "qty": 0.25 }
  },
  {
    "title": "Røyksteamet Gravet Laks",
    "subtitle": "250 g",
    "category": { "sub": "Røkt og gravet fisk", "parent": "Fisk og sjømat" },
    "price": { "price": 139, "unitPrice": 556, "unit": "kg", "qty": 0.25 }
  },
  {
    "title": "Varmrøkt Pepperlaks",
    "subtitle": "Hel Side, ca. 1 kg",
    "category": { "sub": "Røkt og gravet fisk", "parent": "Fisk og sjømat" },
    "price": { "price": 299.8, "unitPrice": 299.8, "unit": "kg", "qty": 1 }
  },
  {
    "title": "Røkt Laks i skiver",
    "subtitle": "Vår Laveste Pris, 400 g",
    "category": { "sub": "Røkt og gravet fisk", "parent": "Fisk og sjømat" },
    "price": { "price": 63.55, "unitPrice": 158.88, "unit": "kg", "qty": 0.4 }
  },
  {
    "title": "SALMA Kaldrøkt laks",
    "subtitle": "150 g",
    "category": { "sub": "Røkt og gravet fisk", "parent": "Fisk og sjømat" },
    "price": { "price": 98.9, "unitPrice": 659.33, "unit": "kg", "qty": 0.15 }
  },
  {
    "title": "Røkt Laks Skivet",
    "subtitle": "350 g",
    "category": { "sub": "Røkt og gravet fisk", "parent": "Fisk og sjømat" },
    "price": { "price": 112.4, "unitPrice": 321.14, "unit": "kg", "qty": 0.35 }
  },
  {
    "title": "Røkt Laks",
    "subtitle": "Hel Side, ca. 1,4 kg",
    "category": { "sub": "Røkt og gravet fisk", "parent": "Fisk og sjømat" },
    "price": { "price": 389, "unitPrice": 277.86, "unit": "kg", "qty": 1.4 }
  },
  {
    "title": "Einerrøkt Ørret Skivet",
    "subtitle": "100 g",
    "category": { "sub": "Røkt og gravet fisk", "parent": "Fisk og sjømat" },
    "price": { "price": 54.8, "unitPrice": 548, "unit": "kg", "qty": 0.1 }
  },
  {
    "title": "Røkt Ørret Skivet",
    "subtitle": "100 g",
    "category": { "sub": "Røkt og gravet fisk", "parent": "Fisk og sjømat" },
    "price": { "price": 38.9, "unitPrice": 389, "unit": "kg", "qty": 0.1 }
  },
  {
    "title": "Familiens Fiskekaker",
    "subtitle": "60%, 12 Stk, 600 g",
    "category": { "sub": "Fiskekaker", "parent": "Fisk og sjømat" },
    "price": { "price": 93.9, "unitPrice": 156.5, "unit": "kg", "qty": 0.6 }
  },
  {
    "title": "Pro Burger Ost & Bacon",
    "subtitle": "65%, 250 g",
    "category": { "sub": "Fiskekaker", "parent": "Fisk og sjømat" },
    "price": { "price": 46.4, "unitPrice": 185.6, "unit": "kg", "qty": 0.25 }
  },
  {
    "title": "Hjemmelagde fiskekaker",
    "subtitle": "60%, 7 Stk, 450 g",
    "category": { "sub": "Fiskekaker", "parent": "Fisk og sjømat" },
    "price": { "price": 71.2, "unitPrice": 158.22, "unit": "kg", "qty": 0.45 }
  },
  {
    "title": "Burger m/Steinbit & Hvitløk",
    "subtitle": "56%, 2 Stk, 250 g",
    "category": { "sub": "Fiskekaker", "parent": "Fisk og sjømat" },
    "price": { "price": 58.8, "unitPrice": 235.2, "unit": "kg", "qty": 0.25 }
  },
  {
    "title": "Burger m/Sjalottløk & Fløte",
    "subtitle": "86%, 500 g",
    "category": { "sub": "Fiskekaker", "parent": "Fisk og sjømat" },
    "price": { "price": 108.4, "unitPrice": 216.8, "unit": "kg", "qty": 0.5 }
  },
  {
    "title": "Burger av Torsk & Hyse",
    "subtitle": "86%, 500 g",
    "category": { "sub": "Fiskekaker", "parent": "Fisk og sjømat" },
    "price": { "price": 98.9, "unitPrice": 197.8, "unit": "kg", "qty": 0.5 }
  },
  {
    "title": "Burger av Torsk & Sei",
    "subtitle": "86%, 500 g",
    "category": { "sub": "Fiskekaker", "parent": "Fisk og sjømat" },
    "price": { "price": 88.9, "unitPrice": 177.8, "unit": "kg", "qty": 0.5 }
  },
  {
    "title": "Burger m/Steinbit & Gressløk",
    "subtitle": "80%, 4 stk",
    "category": { "sub": "Fiskekaker", "parent": "Fisk og sjømat" },
    "price": { "price": 64.3, "unitPrice": 146.14, "unit": "kg", "qty": 0.44 }
  },
  {
    "title": "Burger av Hyse & Torsk",
    "subtitle": "80%, 4 stk",
    "category": { "sub": "Fiskekaker", "parent": "Fisk og sjømat" },
    "price": { "price": 65.2, "unitPrice": 148.18, "unit": "kg", "qty": 0.44 }
  },
  {
    "title": "Burger m/Purre & Paprika",
    "subtitle": "80%, 4 stk",
    "category": { "sub": "Fiskekaker", "parent": "Fisk og sjømat" },
    "price": { "price": 64.7, "unitPrice": 147.05, "unit": "kg", "qty": 0.44 }
  },
  {
    "title": "Fiskekaker av Hyse og Sei",
    "subtitle": "53%, 380 g",
    "category": { "sub": "Fiskekaker", "parent": "Fisk og sjømat" },
    "price": { "price": 61.1, "unitPrice": 160.79, "unit": "kg", "qty": 0.38 }
  },
  {
    "title": "Hjertefiskekaker",
    "subtitle": "50%, 700 g",
    "category": { "sub": "Fiskekaker", "parent": "Fisk og sjømat" },
    "price": { "price": 55, "unitPrice": 78.57, "unit": "kg", "qty": 0.7 }
  },
  {
    "title": "Bestemors Fiskekaker",
    "subtitle": "51%, 385 g",
    "category": { "sub": "Fiskekaker", "parent": "Fisk og sjømat" },
    "price": { "price": 30, "unitPrice": 77.92, "unit": "kg", "qty": 0.39 }
  },
  {
    "title": "Fiskekaker",
    "subtitle": "70%, Laktosefri, 550 g",
    "category": { "sub": "Fiskekaker", "parent": "Fisk og sjømat" },
    "price": { "price": 49, "unitPrice": 89.09, "unit": "kg", "qty": 0.55 }
  },
  {
    "title": "Fløtepudding",
    "subtitle": "54%, 420 g",
    "category": { "sub": "Fiskekaker", "parent": "Fisk og sjømat" },
    "price": { "price": 36.7, "unitPrice": 87.38, "unit": "kg", "qty": 0.42 }
  },
  {
    "title": "Fiskepudding",
    "subtitle": "61%, 550 g",
    "category": { "sub": "Fiskekaker", "parent": "Fisk og sjømat" },
    "price": { "price": 50, "unitPrice": 90.91, "unit": "kg", "qty": 0.55 }
  },
  {
    "title": "Sprøbakt Torskefilet",
    "subtitle": "63%, 300 g",
    "category": { "sub": "Fiskekaker", "parent": "Fisk og sjømat" },
    "price": { "price": 55, "unitPrice": 183.33, "unit": "kg", "qty": 0.3 }
  },
  {
    "title": "Fiskepudding Snabb",
    "subtitle": "340 g",
    "category": { "sub": "Fiskekaker", "parent": "Fisk og sjømat" },
    "price": { "price": 24.9, "unitPrice": 73.24, "unit": "kg", "qty": 0.34 }
  },
  {
    "title": "Fiskekaker",
    "subtitle": "500 g",
    "category": { "sub": "Fiskekaker", "parent": "Fisk og sjømat" },
    "price": { "price": 12.1, "unitPrice": 24.2, "unit": "kg", "qty": 0.5 }
  },
  {
    "title": "Fiskeboller",
    "subtitle": "Vår Laveste Pris, 500 g",
    "category": { "sub": "Fiskekaker", "parent": "Fisk og sjømat" },
    "price": { "price": 36.7, "unitPrice": 73.4, "unit": "kg", "qty": 0.5 }
  },
  {
    "title": "Rekekabaret",
    "subtitle": "300 g",
    "category": { "sub": "Fiskekaker", "parent": "Fisk og sjømat" },
    "price": { "price": 36.8, "unitPrice": 122.67, "unit": "kg", "qty": 0.3 }
  },
  {
    "title": "Reker I Lake",
    "subtitle": "200 g",
    "category": { "sub": "Hermetisert sjømat", "parent": "Fisk og sjømat" },
    "price": { "price": 58.1, "unitPrice": 290.5, "unit": "kg", "qty": 0.2 }
  },
  {
    "title": "Krepsehaler",
    "subtitle": "200 g",
    "category": { "sub": "Hermetisert sjømat", "parent": "Fisk og sjømat" },
    "price": { "price": 74, "unitPrice": 370, "unit": "kg", "qty": 0.2 }
  },
  {
    "title": "Små Reker I Lake",
    "subtitle": "400 g",
    "category": { "sub": "Hermetisert sjømat", "parent": "Fisk og sjømat" },
    "price": { "price": 74.8, "unitPrice": 187, "unit": "kg", "qty": 0.4 }
  },
  {
    "title": "Tunfisk i Olivenolje",
    "subtitle": "85 g",
    "category": { "sub": "Hermetisert sjømat", "parent": "Fisk og sjømat" },
    "price": { "price": 21.8, "unitPrice": 256.47, "unit": "kg", "qty": 0.09 }
  },
  {
    "title": "Tunfisk Thai Chili",
    "subtitle": "85 g",
    "category": { "sub": "Hermetisert sjømat", "parent": "Fisk og sjømat" },
    "price": { "price": 15.8, "unitPrice": 185.88, "unit": "kg", "qty": 0.09 }
  },
  {
    "title": "Tunfisk med Tomat & Basilikum",
    "subtitle": "85 g",
    "category": { "sub": "Hermetisert sjømat", "parent": "Fisk og sjømat" },
    "price": { "price": 15.2, "unitPrice": 178.82, "unit": "kg", "qty": 0.09 }
  },
  {
    "title": "Ansjosfilet",
    "subtitle": "50 g",
    "category": { "sub": "Hermetisert sjømat", "parent": "Fisk og sjømat" },
    "price": { "price": 22.9, "unitPrice": 458, "unit": "kg", "qty": 0.05 }
  },
  {
    "title": "Gaffelbiter i Dill",
    "subtitle": "50 g",
    "category": { "sub": "Hermetisert sjømat", "parent": "Fisk og sjømat" },
    "price": { "price": 19.2, "unitPrice": 384, "unit": "kg", "qty": 0.05 }
  },
  {
    "title": "Skinnfri Makrell",
    "subtitle": "170 g",
    "category": { "sub": "Hermetisert sjømat", "parent": "Fisk og sjømat" },
    "price": { "price": 19.6, "unitPrice": 115.29, "unit": "kg", "qty": 0.17 }
  },
  {
    "title": "Makrell i Tomat",
    "subtitle": "90 g",
    "category": { "sub": "Hermetisert sjømat", "parent": "Fisk og sjømat" },
    "price": { "price": 10, "unitPrice": 111.11, "unit": "kg", "qty": 0.09 }
  },
  {
    "title": "Fiskeboller",
    "subtitle": "800 g",
    "category": { "sub": "Hermetisert sjømat", "parent": "Fisk og sjømat" },
    "price": { "price": 15.9, "unitPrice": 19.88, "unit": "kg", "qty": 0.8 }
  },
  {
    "title": "Fiskeboller",
    "subtitle": "550 g",
    "category": { "sub": "Hermetisert sjømat", "parent": "Fisk og sjømat" },
    "price": { "price": 31, "unitPrice": 56.36, "unit": "kg", "qty": 0.55 }
  },
  {
    "title": "Fløtepudding",
    "subtitle": "54%, 420 g",
    "category": { "sub": "Hermetisert sjømat", "parent": "Fisk og sjømat" },
    "price": { "price": 36.7, "unitPrice": 87.38, "unit": "kg", "qty": 0.42 }
  },
  {
    "title": "Kippers",
    "subtitle": "106 g",
    "category": { "sub": "Hermetisert sjømat", "parent": "Fisk og sjømat" },
    "price": { "price": 31.8, "unitPrice": 300, "unit": "kg", "qty": 0.11 }
  },
  {
    "title": "Lodderogn Sort",
    "subtitle": "75 g",
    "category": { "sub": "Hermetisert sjømat", "parent": "Fisk og sjømat" },
    "price": { "price": 22, "unitPrice": 293.33, "unit": "kg", "qty": 0.08 }
  },
  {
    "title": "Ørretrogn",
    "subtitle": "50 g",
    "category": { "sub": "Hermetisert sjømat", "parent": "Fisk og sjømat" },
    "price": { "price": 55.4, "unitPrice": 1108, "unit": "kg", "qty": 0.05 }
  },
  {
    "title": "Reker i Lake Håndpillede",
    "subtitle": "200 g",
    "category": { "sub": "Hermetisert sjømat", "parent": "Fisk og sjømat" },
    "price": { "price": 80.4, "unitPrice": 402, "unit": "kg", "qty": 0.2 }
  },
  {
    "title": "Rød Lodderogn",
    "subtitle": "80 g",
    "category": { "sub": "Hermetisert sjømat", "parent": "Fisk og sjømat" },
    "price": { "price": 22, "unitPrice": 275, "unit": "kg", "qty": 0.08 }
  },
  {
    "title": "Russisk Størkaviar",
    "subtitle": "30 g",
    "category": { "sub": "Hermetisert sjømat", "parent": "Fisk og sjømat" },
    "price": {
      "price": 479.9,
      "unitPrice": 15996.67,
      "unit": "kg",
      "qty": 0.03
    }
  },
  {
    "title": "Sildakongen Gaffelbiter",
    "subtitle": "200 g",
    "category": { "sub": "Hermetisert sjømat", "parent": "Fisk og sjømat" },
    "price": { "price": 28.4, "unitPrice": 142, "unit": "kg", "qty": 0.2 }
  },
  {
    "title": "Tørrfisksnacks",
    "subtitle": "Sprø Biter, 100 g",
    "category": { "sub": "Hermetisert sjømat", "parent": "Fisk og sjømat" },
    "price": { "price": 177.9, "unitPrice": 1779, "unit": "kg", "qty": 0.1 }
  },
  {
    "title": "Tørrfisksnacks Filet",
    "subtitle": "100 g",
    "category": { "sub": "Hermetisert sjømat", "parent": "Fisk og sjømat" },
    "price": { "price": 163.8, "unitPrice": 1638, "unit": "kg", "qty": 0.1 }
  },
  {
    "title": "Tunfisk i Gele",
    "subtitle": "185 g",
    "category": { "sub": "Hermetisert sjømat", "parent": "Fisk og sjømat" },
    "price": { "price": 20.6, "unitPrice": 111.35, "unit": "kg", "qty": 0.19 }
  },
  {
    "title": "Tunfisk i Olivenolje",
    "subtitle": "Easy Open, 3 stk",
    "category": { "sub": "Hermetisert sjømat", "parent": "Fisk og sjømat" },
    "price": { "price": 40.9, "unitPrice": 170.42, "unit": "kg", "qty": 0.24 }
  },
  {
    "title": "Tunfisk i Solsikkeolje",
    "subtitle": "185 g",
    "category": { "sub": "Hermetisert sjømat", "parent": "Fisk og sjømat" },
    "price": { "price": 17.3, "unitPrice": 93.51, "unit": "kg", "qty": 0.19 }
  },
  {
    "title": "Tunfisk i Solsikkeolje",
    "subtitle": "Easy Open, 3 stk",
    "category": { "sub": "Hermetisert sjømat", "parent": "Fisk og sjømat" },
    "price": { "price": 36.8, "unitPrice": 153.33, "unit": "kg", "qty": 0.24 }
  },
  {
    "title": "Tunfisk i Vann",
    "subtitle": "170 g",
    "category": { "sub": "Hermetisert sjømat", "parent": "Fisk og sjømat" },
    "price": { "price": 9.9, "unitPrice": 58.24, "unit": "kg", "qty": 0.17 }
  },
  {
    "title": "Tunfisk i Vann",
    "subtitle": "185 g",
    "category": { "sub": "Hermetisert sjømat", "parent": "Fisk og sjømat" },
    "price": { "price": 19.9, "unitPrice": 107.57, "unit": "kg", "qty": 0.18 }
  },
  {
    "title": "Tunfisk i Vann Naturell",
    "subtitle": "Easy Open, 2 stk",
    "category": { "sub": "Hermetisert sjømat", "parent": "Fisk og sjømat" },
    "price": { "price": 35.2, "unitPrice": 110, "unit": "kg", "qty": 0.32 }
  },
  {
    "title": "Fiskepinner",
    "subtitle": "750 g",
    "category": { "sub": "Frossen fisk og sjømat", "parent": "Fisk og sjømat" },
    "price": { "price": 58.7, "unitPrice": 78.27, "unit": "kg", "qty": 0.75 }
  },
  {
    "title": "Fish & Crisp Gourmet",
    "subtitle": "480 g",
    "category": { "sub": "Frossen fisk og sjømat", "parent": "Fisk og sjømat" },
    "price": { "price": 65.8, "unitPrice": 137.08, "unit": "kg", "qty": 0.48 }
  },
  {
    "title": "Fiskegrateng god gammeldags",
    "subtitle": "510 g",
    "category": { "sub": "Frossen fisk og sjømat", "parent": "Fisk og sjømat" },
    "price": { "price": 59.7, "unitPrice": 117.06, "unit": "kg", "qty": 0.51 }
  },
  {
    "title": "Torsk Gourmet",
    "subtitle": "420 g",
    "category": { "sub": "Frossen fisk og sjømat", "parent": "Fisk og sjømat" },
    "price": { "price": 96.9, "unitPrice": 230.71, "unit": "kg", "qty": 0.42 }
  },
  {
    "title": "Ovnsbakt Fisk Italiensk",
    "subtitle": "380 g",
    "category": { "sub": "Frossen fisk og sjømat", "parent": "Fisk og sjømat" },
    "price": { "price": 53.8, "unitPrice": 141.58, "unit": "kg", "qty": 0.38 }
  },
  {
    "title": "Familiens Fiskegrateng",
    "subtitle": "1 kg",
    "category": { "sub": "Frossen fisk og sjømat", "parent": "Fisk og sjømat" },
    "price": { "price": 54.4, "unitPrice": 54.4, "unit": "kg", "qty": 1 }
  },
  {
    "title": "Sprøbakte Fiskefileter",
    "subtitle": "500 g",
    "category": { "sub": "Frossen fisk og sjømat", "parent": "Fisk og sjømat" },
    "price": { "price": 62.8, "unitPrice": 125.6, "unit": "kg", "qty": 0.5 }
  },
  {
    "title": "Kapteinens Fylte Rødspette",
    "subtitle": "Med Reke- og Champignonsaus, 300 g",
    "category": { "sub": "Frossen fisk og sjømat", "parent": "Fisk og sjømat" },
    "price": { "price": 77.8, "unitPrice": 259.33, "unit": "kg", "qty": 0.3 }
  },
  {
    "title": "Crabsticks",
    "subtitle": "250 g",
    "category": { "sub": "Frossen fisk og sjømat", "parent": "Fisk og sjømat" },
    "price": { "price": 12.3, "unitPrice": 49.2, "unit": "kg", "qty": 0.25 }
  },
  {
    "title": "Kapteinens Fylte Torsk med Bacon & Kremet Saus",
    "subtitle": "300 g",
    "category": { "sub": "Frossen fisk og sjømat", "parent": "Fisk og sjømat" },
    "price": { "price": 54.8, "unitPrice": 182.67, "unit": "kg", "qty": 0.3 }
  },
  {
    "title": "Fiskepinner",
    "subtitle": "30 stk, 900 g",
    "category": { "sub": "Frossen fisk og sjømat", "parent": "Fisk og sjømat" },
    "price": { "price": 26.8, "unitPrice": 29.78, "unit": "kg", "qty": 0.9 }
  },
  {
    "title": "Torskefilet Sjøfrosset",
    "subtitle": "2 kg",
    "category": { "sub": "Frossen fisk og sjømat", "parent": "Fisk og sjømat" },
    "price": { "price": 291.9, "unitPrice": 145.95, "unit": "kg", "qty": 2 }
  },
  {
    "title": "Laksefilet Skinn- & Benfri",
    "subtitle": "Økologisk, 500 g",
    "category": { "sub": "Frossen fisk og sjømat", "parent": "Fisk og sjømat" },
    "price": { "price": 143.6, "unitPrice": 287.2, "unit": "kg", "qty": 0.5 }
  },
  {
    "title": "Spekesild",
    "subtitle": "250 g",
    "category": { "sub": "Frossen fisk og sjømat", "parent": "Fisk og sjømat" },
    "price": { "price": 28.4, "unitPrice": 113.6, "unit": "kg", "qty": 0.25 }
  },
  {
    "title": "Scampi Kokt Med Hale",
    "subtitle": "400 g",
    "category": { "sub": "Frossen fisk og sjømat", "parent": "Fisk og sjømat" },
    "price": { "price": 96.1, "unitPrice": 240.25, "unit": "kg", "qty": 0.4 }
  },
  {
    "title": "Scampi Rå med Skall",
    "subtitle": "26/30, 400 g",
    "category": { "sub": "Frossen fisk og sjømat", "parent": "Fisk og sjømat" },
    "price": { "price": 76.4, "unitPrice": 191, "unit": "kg", "qty": 0.4 }
  },
  {
    "title": "Frosne Kamskjell",
    "subtitle": "360 g",
    "category": { "sub": "Frossen fisk og sjømat", "parent": "Fisk og sjømat" },
    "price": { "price": 154.5, "unitPrice": 429.17, "unit": "kg", "qty": 0.36 }
  },
  {
    "title": "Torskefilet",
    "subtitle": "4 stk, 440 g",
    "category": { "sub": "Frossen fisk og sjømat", "parent": "Fisk og sjømat" },
    "price": { "price": 84.9, "unitPrice": 192.95, "unit": "kg", "qty": 0.44 }
  },
  {
    "title": "Fiskefilet",
    "subtitle": "Benfri, Uten skinn, 700 g",
    "category": { "sub": "Frossen fisk og sjømat", "parent": "Fisk og sjømat" },
    "price": { "price": 79.9, "unitPrice": 114.14, "unit": "kg", "qty": 0.7 }
  },
  {
    "title": "Makrellfilet",
    "subtitle": "4 stk, Benfri, 400 g",
    "category": { "sub": "Frossen fisk og sjømat", "parent": "Fisk og sjømat" },
    "price": { "price": 64.9, "unitPrice": 162.25, "unit": "kg", "qty": 0.4 }
  },
  {
    "title": "Lettrøkt Hysefilet",
    "subtitle": "4 stk, Benfri, 520 g",
    "category": { "sub": "Frossen fisk og sjømat", "parent": "Fisk og sjømat" },
    "price": { "price": 89.9, "unitPrice": 172.88, "unit": "kg", "qty": 0.52 }
  },
  {
    "title": "Sugo Alle Vongole",
    "subtitle": "450 g",
    "category": { "sub": "Frossen fisk og sjømat", "parent": "Fisk og sjømat" },
    "price": { "price": 71.9, "unitPrice": 159.78, "unit": "kg", "qty": 0.45 }
  },
  {
    "title": "Lobnobs",
    "subtitle": "110 g",
    "category": { "sub": "Frossen fisk og sjømat", "parent": "Fisk og sjømat" },
    "price": { "price": 19.3, "unitPrice": 175.45, "unit": "kg", "qty": 0.11 }
  },
  {
    "title": "Best Pris Reker",
    "subtitle": "90+, 2 kg",
    "category": { "sub": "Frossen fisk og sjømat", "parent": "Fisk og sjømat" },
    "price": { "price": 99.9, "unitPrice": 49.95, "unit": "kg", "qty": 2 }
  },
  {
    "title": "Amerikansk Hummer",
    "subtitle": "325 g",
    "category": { "sub": "Frossen fisk og sjømat", "parent": "Fisk og sjømat" },
    "price": { "price": 99, "unitPrice": 304.62, "unit": "kg", "qty": 0.32 }
  },
  {
    "title": "Argentinske Kongereker",
    "subtitle": "Rå, 450 g",
    "category": { "sub": "Frossen fisk og sjømat", "parent": "Fisk og sjømat" },
    "price": { "price": 110.3, "unitPrice": 245.11, "unit": "kg", "qty": 0.45 }
  },
  {
    "title": "Ekstra Store Rå Scampi Str 8/12",
    "subtitle": "Ferdig rensket, 1 kg",
    "category": { "sub": "Frossen fisk og sjømat", "parent": "Fisk og sjømat" },
    "price": { "price": 217.5, "unitPrice": 217.5, "unit": "kg", "qty": 1 }
  },
  {
    "title": "Fiskepinner",
    "subtitle": "450 g",
    "category": { "sub": "Frossen fisk og sjømat", "parent": "Fisk og sjømat" },
    "price": { "price": 39.3, "unitPrice": 87.33, "unit": "kg", "qty": 0.45 }
  },
  {
    "title": "Frosne Fylte Krabbeskjell",
    "subtitle": "1 stk",
    "category": { "sub": "Frossen fisk og sjømat", "parent": "Fisk og sjømat" },
    "price": { "price": 54.4, "unitPrice": 362.67, "unit": "kg", "qty": 0.15 }
  },
  {
    "title": "Frosne Halvkokt Blåskjell",
    "subtitle": "Chile, Str 60/80, 1 kg",
    "category": { "sub": "Frossen fisk og sjømat", "parent": "Fisk og sjømat" },
    "price": { "price": 65.3, "unitPrice": 65.3, "unit": "kg", "qty": 1 }
  },
  {
    "title": "Frosne Kamskjell Uten Rogn",
    "subtitle": "USA, Str 10/20, 500 g",
    "category": { "sub": "Frossen fisk og sjømat", "parent": "Fisk og sjømat" },
    "price": { "price": 141.1, "unitPrice": 282.2, "unit": "kg", "qty": 0.5 }
  },
  {
    "title": "Frossen Laksefilet",
    "subtitle": "Uten Skinn, 4 stk",
    "category": { "sub": "Frossen fisk og sjømat", "parent": "Fisk og sjømat" },
    "price": { "price": 83.5, "unitPrice": 167, "unit": "kg", "qty": 0.5 }
  },
  {
    "title": "Gulfinnet Tunfiskfilet",
    "subtitle": "Uten Skinn & Ben, 190 g",
    "category": { "sub": "Frossen fisk og sjømat", "parent": "Fisk og sjømat" },
    "price": { "price": 38.2, "unitPrice": 201.05, "unit": "kg", "qty": 0.19 }
  },
  {
    "title": "Kokte Reker Vannamei",
    "subtitle": "Str 31/40, 400 g",
    "category": { "sub": "Frossen fisk og sjømat", "parent": "Fisk og sjømat" },
    "price": { "price": 87.4, "unitPrice": 218.5, "unit": "kg", "qty": 0.4 }
  },
  {
    "title": "Lakseporsjoner Med Skinn",
    "subtitle": "4 stk",
    "category": { "sub": "Frossen fisk og sjømat", "parent": "Fisk og sjømat" },
    "price": { "price": 47.1, "unitPrice": 94.2, "unit": "kg", "qty": 0.5 }
  },
  {
    "title": "Panert Fiskefilet med Chili",
    "subtitle": "320 g",
    "category": { "sub": "Frossen fisk og sjømat", "parent": "Fisk og sjømat" },
    "price": { "price": 32.7, "unitPrice": 102.19, "unit": "kg", "qty": 0.32 }
  },
  {
    "title": "Panert Fiskefilet Med Hvitløk",
    "subtitle": "320 g",
    "category": { "sub": "Frossen fisk og sjømat", "parent": "Fisk og sjømat" },
    "price": { "price": 32.7, "unitPrice": 102.19, "unit": "kg", "qty": 0.32 }
  },
  {
    "title": "Rå Scampi Uten Skall",
    "subtitle": "Str 21/25, 750 g",
    "category": { "sub": "Frossen fisk og sjømat", "parent": "Fisk og sjømat" },
    "price": { "price": 143.7, "unitPrice": 191.6, "unit": "kg", "qty": 0.75 }
  },
  {
    "title": "Sjøfrosne Kamskjell",
    "subtitle": "Str 20/30, 920 g",
    "category": { "sub": "Frossen fisk og sjømat", "parent": "Fisk og sjømat" },
    "price": { "price": 392.4, "unitPrice": 426.52, "unit": "kg", "qty": 0.92 }
  },
  {
    "title": "Fish & Crisp Nuggets",
    "subtitle": "245 g",
    "category": { "sub": "Frossen fisk og sjømat", "parent": "Fisk og sjømat" },
    "price": { "price": 39.9, "unitPrice": 162.86, "unit": "kg", "qty": 0.24 }
  },
  {
    "title": "Kokt Kongekrabbe",
    "subtitle": "1 kg",
    "category": { "sub": "Frossen fisk og sjømat", "parent": "Fisk og sjømat" },
    "price": { "price": 599, "unitPrice": 599, "unit": "kg", "qty": 1 }
  },
  {
    "title": "Frossen Ørret i Lenke",
    "subtitle": "Med Skinn, 4 stk",
    "category": { "sub": "Frossen fisk og sjømat", "parent": "Fisk og sjømat" },
    "price": { "price": 72.1, "unitPrice": 144.2, "unit": "kg", "qty": 0.5 }
  },
  {
    "title": "Klippfisk Loin Uten Skinn og Bein",
    "subtitle": "Utvannet, 400 g",
    "category": { "sub": "Frossen fisk og sjømat", "parent": "Fisk og sjømat" },
    "price": { "price": 124.9, "unitPrice": 312.25, "unit": "kg", "qty": 0.4 }
  },
  {
    "title": "Ekstra Store Frosne Reker",
    "subtitle": "Str 50/70, 5 kg",
    "category": { "sub": "Frossen fisk og sjømat", "parent": "Fisk og sjømat" },
    "price": { "price": 851.4, "unitPrice": 170.28, "unit": "kg", "qty": 5 }
  },
  {
    "title": "Jarlsberg 27%",
    "subtitle": "700 g",
    "category": { "sub": "Gulost", "parent": "Oster" },
    "price": { "price": 104.9, "unitPrice": 149.86, "unit": "kg", "qty": 0.7 }
  },
  {
    "title": "Jarlsberg Vellagret",
    "subtitle": "ca. 520 g",
    "category": { "sub": "Gulost", "parent": "Oster" },
    "price": { "price": 99.9, "unitPrice": 192.12, "unit": "kg", "qty": 0.52 }
  },
  {
    "title": "Jarlsberg 27%",
    "subtitle": "Skiver, 250 g",
    "category": { "sub": "Gulost", "parent": "Oster" },
    "price": { "price": 42.9, "unitPrice": 171.6, "unit": "kg", "qty": 0.25 }
  },
  {
    "title": "Tine Jarlsberg Skiver",
    "subtitle": "120 g",
    "category": { "sub": "Gulost", "parent": "Oster" },
    "price": { "price": 32.8, "unitPrice": 273.33, "unit": "kg", "qty": 0.12 }
  },
  {
    "title": "Jarlsberg",
    "subtitle": "Skorpefri, 450 g",
    "category": { "sub": "Gulost", "parent": "Oster" },
    "price": { "price": 73.3, "unitPrice": 162.89, "unit": "kg", "qty": 0.45 }
  },
  {
    "title": "Jarlsberg Lettost",
    "subtitle": "16% Fett, 450 g",
    "category": { "sub": "Gulost", "parent": "Oster" },
    "price": { "price": 76.8, "unitPrice": 170.67, "unit": "kg", "qty": 0.45 }
  },
  {
    "title": "Jarlsberg Lettere 16%",
    "subtitle": "Skiver, 150 g",
    "category": { "sub": "Gulost", "parent": "Oster" },
    "price": { "price": 31.8, "unitPrice": 212, "unit": "kg", "qty": 0.15 }
  },
  {
    "title": "Norvegia 27%",
    "subtitle": "ca. 500 g",
    "category": { "sub": "Gulost", "parent": "Oster" },
    "price": { "price": 58.9, "unitPrice": 117.8, "unit": "kg", "qty": 0.5 }
  },
  {
    "title": "Norvegia Vellagret m/skorpe",
    "subtitle": "9 mnd, ca. 540 g",
    "category": { "sub": "Gulost", "parent": "Oster" },
    "price": { "price": 81.9, "unitPrice": 151.67, "unit": "kg", "qty": 0.54 }
  },
  {
    "title": "Norvegia Skorpefri",
    "subtitle": "ca. 1 kg",
    "category": { "sub": "Gulost", "parent": "Oster" },
    "price": { "price": 115, "unitPrice": 115, "unit": "kg", "qty": 1 }
  },
  {
    "title": "Norvegia Skiver",
    "subtitle": "150 g",
    "category": { "sub": "Gulost", "parent": "Oster" },
    "price": { "price": 26.9, "unitPrice": 179.33, "unit": "kg", "qty": 0.15 }
  },
  {
    "title": "Norvegia Original 27%",
    "subtitle": "Skivet, 300 g",
    "category": { "sub": "Gulost", "parent": "Oster" },
    "price": { "price": 44.8, "unitPrice": 149.33, "unit": "kg", "qty": 0.3 }
  },
  {
    "title": "Norvegia Fyldig",
    "subtitle": "830 g",
    "category": { "sub": "Gulost", "parent": "Oster" },
    "price": { "price": 119.9, "unitPrice": 144.46, "unit": "kg", "qty": 0.83 }
  },
  {
    "title": "Norvegia Fyldig Skivet",
    "subtitle": "250 g",
    "category": { "sub": "Gulost", "parent": "Oster" },
    "price": { "price": 54.4, "unitPrice": 217.6, "unit": "kg", "qty": 0.25 }
  },
  {
    "title": "Norvegia Lettere",
    "subtitle": "Skorpefri, ca. 500 g",
    "category": { "sub": "Gulost", "parent": "Oster" },
    "price": { "price": 83, "unitPrice": 166, "unit": "kg", "qty": 0.5 }
  },
  {
    "title": "Norvegia Lettere i Skiver",
    "subtitle": "150 g",
    "category": { "sub": "Gulost", "parent": "Oster" },
    "price": { "price": 27.4, "unitPrice": 182.67, "unit": "kg", "qty": 0.15 }
  },
  {
    "title": "Norvegia 27%",
    "subtitle": "Økologisk, 500 g",
    "category": { "sub": "Gulost", "parent": "Oster" },
    "price": { "price": 90.9, "unitPrice": 181.8, "unit": "kg", "qty": 0.5 }
  },
  {
    "title": "Gouda Modnet Hel",
    "subtitle": "Økologisk, 400 g",
    "category": { "sub": "Gulost", "parent": "Oster" },
    "price": { "price": 100.2, "unitPrice": 250.5, "unit": "kg", "qty": 0.4 }
  },
  {
    "title": "Østavind",
    "subtitle": "430 g",
    "category": { "sub": "Gulost", "parent": "Oster" },
    "price": { "price": 84.9, "unitPrice": 197.44, "unit": "kg", "qty": 0.43 }
  },
  {
    "title": "Tine Nøkkelost Skorpefri",
    "subtitle": "ca. 450 g",
    "category": { "sub": "Gulost", "parent": "Oster" },
    "price": { "price": 70.6, "unitPrice": 156.89, "unit": "kg", "qty": 0.45 }
  },
  {
    "title": "Nøkkelost 27%",
    "subtitle": "Skivet, 150 g",
    "category": { "sub": "Gulost", "parent": "Oster" },
    "price": { "price": 30.8, "unitPrice": 205.33, "unit": "kg", "qty": 0.15 }
  },
  {
    "title": "Nøkkelost Lettere",
    "subtitle": "Skivet, 150 g",
    "category": { "sub": "Gulost", "parent": "Oster" },
    "price": { "price": 30.8, "unitPrice": 205.33, "unit": "kg", "qty": 0.15 }
  },
  {
    "title": "Synnøve Gulost Bit",
    "subtitle": "450 g",
    "category": { "sub": "Gulost", "parent": "Oster" },
    "price": { "price": 55.8, "unitPrice": 124, "unit": "kg", "qty": 0.45 }
  },
  {
    "title": "Skivet Gulost",
    "subtitle": "285 g",
    "category": { "sub": "Gulost", "parent": "Oster" },
    "price": { "price": 34.8, "unitPrice": 122.11, "unit": "kg", "qty": 0.28 }
  },
  {
    "title": "Gulost",
    "subtitle": "ca. 1 kg",
    "category": { "sub": "Gulost", "parent": "Oster" },
    "price": { "price": 67.9, "unitPrice": 67.9, "unit": "kg", "qty": 1 }
  },
  {
    "title": "Gulost Skivet",
    "subtitle": "150 g",
    "category": { "sub": "Gulost", "parent": "Oster" },
    "price": { "price": 21, "unitPrice": 140, "unit": "kg", "qty": 0.15 }
  },
  {
    "title": "Synnøve Gulost Lett i Bit",
    "subtitle": "16% fett, 450 g",
    "category": { "sub": "Gulost", "parent": "Oster" },
    "price": { "price": 65.7, "unitPrice": 146, "unit": "kg", "qty": 0.45 }
  },
  {
    "title": "Lettost 16% Skivet",
    "subtitle": "150 g",
    "category": { "sub": "Gulost", "parent": "Oster" },
    "price": { "price": 24.4, "unitPrice": 162.67, "unit": "kg", "qty": 0.15 }
  },
  {
    "title": "Norsk Port Salut",
    "subtitle": "270 g",
    "category": { "sub": "Gulost", "parent": "Oster" },
    "price": { "price": 59.8, "unitPrice": 221.48, "unit": "kg", "qty": 0.27 }
  },
  {
    "title": "Norsk Alpeost",
    "subtitle": "250 g",
    "category": { "sub": "Gulost", "parent": "Oster" },
    "price": { "price": 67.5, "unitPrice": 270, "unit": "kg", "qty": 0.25 }
  },
  {
    "title": "Ridderost Skivet",
    "subtitle": "170 g",
    "category": { "sub": "Gulost", "parent": "Oster" },
    "price": { "price": 36.8, "unitPrice": 216.47, "unit": "kg", "qty": 0.17 }
  },
  {
    "title": "Ridderost",
    "subtitle": "Kittmodnet Ost 38%, 285 g",
    "category": { "sub": "Gulost", "parent": "Oster" },
    "price": { "price": 46, "unitPrice": 161.4, "unit": "kg", "qty": 0.29 }
  },
  {
    "title": "Gräddost",
    "subtitle": "380 g",
    "category": { "sub": "Gulost", "parent": "Oster" },
    "price": { "price": 53.8, "unitPrice": 141.58, "unit": "kg", "qty": 0.38 }
  },
  {
    "title": "Gräddost i Skiver",
    "subtitle": "100 g",
    "category": { "sub": "Gulost", "parent": "Oster" },
    "price": { "price": 23.4, "unitPrice": 234, "unit": "kg", "qty": 0.1 }
  },
  {
    "title": "Balsfjord",
    "subtitle": "300 g",
    "category": { "sub": "Gulost", "parent": "Oster" },
    "price": { "price": 82.4, "unitPrice": 274.67, "unit": "kg", "qty": 0.3 }
  },
  {
    "title": "Cheddar",
    "subtitle": "200 g",
    "category": { "sub": "Gulost", "parent": "Oster" },
    "price": { "price": 52.4, "unitPrice": 262, "unit": "kg", "qty": 0.2 }
  },
  {
    "title": "Västerbottensost",
    "subtitle": "450 g",
    "category": { "sub": "Gulost", "parent": "Oster" },
    "price": { "price": 162.9, "unitPrice": 362, "unit": "kg", "qty": 0.45 }
  },
  {
    "title": "Vesterhavsost",
    "subtitle": "Økologisk, 250 g",
    "category": { "sub": "Gulost", "parent": "Oster" },
    "price": { "price": 64, "unitPrice": 256, "unit": "kg", "qty": 0.25 }
  },
  {
    "title": "Vellagret Gouda",
    "subtitle": "340 g",
    "category": { "sub": "Gulost", "parent": "Oster" },
    "price": { "price": 76.4, "unitPrice": 224.71, "unit": "kg", "qty": 0.34 }
  },
  {
    "title": "Go'vegan Ost",
    "subtitle": "400 g",
    "category": { "sub": "Gulost", "parent": "Oster" },
    "price": { "price": 75.8, "unitPrice": 189.5, "unit": "kg", "qty": 0.4 }
  },
  {
    "title": "Go'vegan Skivet",
    "subtitle": "200 g",
    "category": { "sub": "Gulost", "parent": "Oster" },
    "price": { "price": 49.8, "unitPrice": 249, "unit": "kg", "qty": 0.2 }
  },
  {
    "title": "Go'vegan Cheddar Skivet",
    "subtitle": "200 g",
    "category": { "sub": "Gulost", "parent": "Oster" },
    "price": { "price": 51.2, "unitPrice": 256, "unit": "kg", "qty": 0.2 }
  },
  {
    "title": "Luftig Gulost",
    "subtitle": "450 g",
    "category": { "sub": "Gulost", "parent": "Oster" },
    "price": { "price": 65.7, "unitPrice": 146, "unit": "kg", "qty": 0.45 }
  },
  {
    "title": "Luftig Gulost Skivet",
    "subtitle": "150 g",
    "category": { "sub": "Gulost", "parent": "Oster" },
    "price": { "price": 27.9, "unitPrice": 186, "unit": "kg", "qty": 0.15 }
  },
  {
    "title": "Fyldig Gouda 29%",
    "subtitle": "450 g",
    "category": { "sub": "Gulost", "parent": "Oster" },
    "price": { "price": 65.7, "unitPrice": 146, "unit": "kg", "qty": 0.45 }
  },
  {
    "title": "Fyldig Gouda Skivet 29%",
    "subtitle": "150 g",
    "category": { "sub": "Gulost", "parent": "Oster" },
    "price": { "price": 27.9, "unitPrice": 186, "unit": "kg", "qty": 0.15 }
  },
  {
    "title": "Taffel Tomatost Skiver",
    "subtitle": "130 g",
    "category": { "sub": "Gulost", "parent": "Oster" },
    "price": { "price": 24.8, "unitPrice": 190.77, "unit": "kg", "qty": 0.13 }
  },
  {
    "title": "Taffelost Tomat",
    "subtitle": "400 g",
    "category": { "sub": "Gulost", "parent": "Oster" },
    "price": { "price": 54.8, "unitPrice": 137, "unit": "kg", "qty": 0.4 }
  },
  {
    "title": "Skivet Gräddost",
    "subtitle": "125 g",
    "category": { "sub": "Gulost", "parent": "Oster" },
    "price": { "price": 25.5, "unitPrice": 204, "unit": "kg", "qty": 0.13 }
  },
  {
    "title": "Gouda Laktosefri Skivet 125",
    "subtitle": "125 g",
    "category": { "sub": "Gulost", "parent": "Oster" },
    "price": { "price": 56.9, "unitPrice": 455.2, "unit": "kg", "qty": 0.13 }
  },
  {
    "title": "Mozzarella Ostestrenger",
    "subtitle": "100 g",
    "category": { "sub": "Gulost", "parent": "Oster" },
    "price": { "price": 31.2, "unitPrice": 312, "unit": "kg", "qty": 0.1 }
  },
  {
    "title": "TINE Cheesepop Gouda",
    "subtitle": "65 g",
    "category": { "sub": "Gulost", "parent": "Oster" },
    "price": { "price": 34.4, "unitPrice": 34.4, "unit": "stk", "qty": 1 }
  },
  {
    "title": "Tapas Party",
    "subtitle": "150 g",
    "category": { "sub": "Gulost", "parent": "Oster" },
    "price": { "price": 69.5, "unitPrice": 463.33, "unit": "kg", "qty": 0.15 }
  },
  {
    "title": "Gulost Skivet",
    "subtitle": "2 x 200g, 400 g",
    "category": { "sub": "Gulost", "parent": "Oster" },
    "price": { "price": 42.7, "unitPrice": 106.75, "unit": "kg", "qty": 0.4 }
  },
  {
    "title": "Gulost",
    "subtitle": "ca. 1,1 kg",
    "category": { "sub": "Gulost", "parent": "Oster" },
    "price": { "price": 74.8, "unitPrice": 68, "unit": "kg", "qty": 1.1 }
  },
  {
    "title": "Cheddar Burgerost",
    "subtitle": "Norskprodusert, 160 g",
    "category": { "sub": "Gulost", "parent": "Oster" },
    "price": { "price": 35.9, "unitPrice": 224.38, "unit": "kg", "qty": 0.16 }
  },
  {
    "title": "Revet Ost Original",
    "subtitle": "300 g",
    "category": { "sub": "Revet ost", "parent": "Oster" },
    "price": { "price": 48.8, "unitPrice": 162.67, "unit": "kg", "qty": 0.3 }
  },
  {
    "title": "Revet Ost 4 Oster",
    "subtitle": "250 g",
    "category": { "sub": "Revet ost", "parent": "Oster" },
    "price": { "price": 47.7, "unitPrice": 190.8, "unit": "kg", "qty": 0.25 }
  },
  {
    "title": "Revet Økonomiblanding",
    "subtitle": "450 g",
    "category": { "sub": "Revet ost", "parent": "Oster" },
    "price": { "price": 52.5, "unitPrice": 116.67, "unit": "kg", "qty": 0.45 }
  },
  {
    "title": "Apetina Mozzarella",
    "subtitle": "Revet, 220 g",
    "category": { "sub": "Revet ost", "parent": "Oster" },
    "price": { "price": 36.4, "unitPrice": 165.45, "unit": "kg", "qty": 0.22 }
  },
  {
    "title": "Jarlsberg Revet",
    "subtitle": "200 g",
    "category": { "sub": "Revet ost", "parent": "Oster" },
    "price": { "price": 32.3, "unitPrice": 161.5, "unit": "kg", "qty": 0.2 }
  },
  {
    "title": "Pizzatopping og Gulost",
    "subtitle": "500 g",
    "category": { "sub": "Revet ost", "parent": "Oster" },
    "price": { "price": 41.2, "unitPrice": 82.4, "unit": "kg", "qty": 0.5 }
  },
  {
    "title": "Revet",
    "subtitle": "Gulost, Cheddar, Emmenthaler, 180 g",
    "category": { "sub": "Revet ost", "parent": "Oster" },
    "price": { "price": 36.7, "unitPrice": 203.89, "unit": "kg", "qty": 0.18 }
  },
  {
    "title": "Mozzarella Revet 22%",
    "subtitle": "180 g",
    "category": { "sub": "Revet ost", "parent": "Oster" },
    "price": { "price": 33.1, "unitPrice": 183.89, "unit": "kg", "qty": 0.18 }
  },
  {
    "title": "Revet Cheddar",
    "subtitle": "Taste Lab, 200 g",
    "category": { "sub": "Revet ost", "parent": "Oster" },
    "price": { "price": 34.2, "unitPrice": 171, "unit": "kg", "qty": 0.2 }
  },
  {
    "title": "Revet Ostemix",
    "subtitle": "Taste Lab, 200 g",
    "category": { "sub": "Revet ost", "parent": "Oster" },
    "price": { "price": 36.8, "unitPrice": 184, "unit": "kg", "qty": 0.2 }
  },
  {
    "title": "Revet Ost Pizza",
    "subtitle": "300 g",
    "category": { "sub": "Revet ost", "parent": "Oster" },
    "price": { "price": 43.8, "unitPrice": 146, "unit": "kg", "qty": 0.3 }
  },
  {
    "title": "Go'vegan Revet",
    "subtitle": "200 g",
    "category": { "sub": "Revet ost", "parent": "Oster" },
    "price": { "price": 49.8, "unitPrice": 249, "unit": "kg", "qty": 0.2 }
  },
  {
    "title": "Gudbrandsdalsost G35",
    "subtitle": "500 g",
    "category": { "sub": "Brunost", "parent": "Oster" },
    "price": { "price": 55.9, "unitPrice": 111.8, "unit": "kg", "qty": 0.5 }
  },
  {
    "title": "Gudbrandsdalsost",
    "subtitle": "1 kg",
    "category": { "sub": "Brunost", "parent": "Oster" },
    "price": { "price": 101.7, "unitPrice": 101.7, "unit": "kg", "qty": 1 }
  },
  {
    "title": "Fløtemysost",
    "subtitle": "1 kg",
    "category": { "sub": "Brunost", "parent": "Oster" },
    "price": { "price": 107.7, "unitPrice": 107.7, "unit": "kg", "qty": 1 }
  },
  {
    "title": "Fløtemysost",
    "subtitle": "500 g",
    "category": { "sub": "Brunost", "parent": "Oster" },
    "price": { "price": 59.6, "unitPrice": 119.2, "unit": "kg", "qty": 0.5 }
  },
  {
    "title": "Bestemorost",
    "subtitle": "500 g",
    "category": { "sub": "Brunost", "parent": "Oster" },
    "price": { "price": 75.3, "unitPrice": 150.6, "unit": "kg", "qty": 0.5 }
  },
  {
    "title": "Spesial Stølstype Ekte Geitost",
    "subtitle": "500 g",
    "category": { "sub": "Brunost", "parent": "Oster" },
    "price": { "price": 107, "unitPrice": 214, "unit": "kg", "qty": 0.5 }
  },
  {
    "title": "Gudbrandsdalsost",
    "subtitle": "Lettere, 500 g",
    "category": { "sub": "Brunost", "parent": "Oster" },
    "price": { "price": 62.8, "unitPrice": 125.6, "unit": "kg", "qty": 0.5 }
  },
  {
    "title": "Fløtemysost",
    "subtitle": "Lettere, 500 g",
    "category": { "sub": "Brunost", "parent": "Oster" },
    "price": { "price": 64, "unitPrice": 128, "unit": "kg", "qty": 0.5 }
  },
  {
    "title": "Skivet Gudbrandsdalsost",
    "subtitle": "130 g",
    "category": { "sub": "Brunost", "parent": "Oster" },
    "price": { "price": 18.8, "unitPrice": 144.62, "unit": "kg", "qty": 0.13 }
  },
  {
    "title": "Synnøve Gudbrand Skivet",
    "subtitle": "150 g",
    "category": { "sub": "Brunost", "parent": "Oster" },
    "price": { "price": 20.8, "unitPrice": 138.67, "unit": "kg", "qty": 0.15 }
  },
  {
    "title": "Fløtemysost skivet",
    "subtitle": "130 g",
    "category": { "sub": "Brunost", "parent": "Oster" },
    "price": { "price": 19.3, "unitPrice": 148.46, "unit": "kg", "qty": 0.13 }
  },
  {
    "title": "Gudbrandsdalsost",
    "subtitle": "780 g",
    "category": { "sub": "Brunost", "parent": "Oster" },
    "price": { "price": 52.8, "unitPrice": 67.69, "unit": "kg", "qty": 0.78 }
  },
  {
    "title": "Fløtemysost Lettere",
    "subtitle": "Skivet, 130 g",
    "category": { "sub": "Brunost", "parent": "Oster" },
    "price": { "price": 19.5, "unitPrice": 150, "unit": "kg", "qty": 0.13 }
  },
  {
    "title": "Fløtemysost",
    "subtitle": "480 g",
    "category": { "sub": "Brunost", "parent": "Oster" },
    "price": { "price": 39.8, "unitPrice": 82.92, "unit": "kg", "qty": 0.48 }
  },
  {
    "title": "Synnøve Fløtemysost Skivet",
    "subtitle": "150 g",
    "category": { "sub": "Brunost", "parent": "Oster" },
    "price": { "price": 21.8, "unitPrice": 145.33, "unit": "kg", "qty": 0.15 }
  },
  {
    "title": "Ekte Geitost Skivet",
    "subtitle": "130 g",
    "category": { "sub": "Brunost", "parent": "Oster" },
    "price": { "price": 35.8, "unitPrice": 275.38, "unit": "kg", "qty": 0.13 }
  },
  {
    "title": "Geitost Ekte FG33",
    "subtitle": "500 g",
    "category": { "sub": "Brunost", "parent": "Oster" },
    "price": { "price": 77.4, "unitPrice": 154.8, "unit": "kg", "qty": 0.5 }
  },
  {
    "title": "Synnøve Gudbrandsdalsost",
    "subtitle": "480 g",
    "category": { "sub": "Brunost", "parent": "Oster" },
    "price": { "price": 42.1, "unitPrice": 87.71, "unit": "kg", "qty": 0.48 }
  },
  {
    "title": "Philadelphia Original",
    "subtitle": "200 g",
    "category": { "sub": "Smøreost og prim", "parent": "Oster" },
    "price": { "price": 30.6, "unitPrice": 122.4, "unit": "kg", "qty": 0.25 }
  },
  {
    "title": "Philadelphia Original Light",
    "subtitle": "200 g",
    "category": { "sub": "Smøreost og prim", "parent": "Oster" },
    "price": { "price": 26.9, "unitPrice": 107.6, "unit": "kg", "qty": 0.25 }
  },
  {
    "title": "Philadelphia Laktosefri",
    "subtitle": "175 g",
    "category": { "sub": "Smøreost og prim", "parent": "Oster" },
    "price": { "price": 32.8, "unitPrice": 149.94, "unit": "kg", "qty": 0.22 }
  },
  {
    "title": "Philadelphia Hvitløk & Urter",
    "subtitle": "200 g",
    "category": { "sub": "Smøreost og prim", "parent": "Oster" },
    "price": { "price": 32.1, "unitPrice": 128.4, "unit": "kg", "qty": 0.25 }
  },
  {
    "title": "Philadelphia Krydder",
    "subtitle": "175 g",
    "category": { "sub": "Smøreost og prim", "parent": "Oster" },
    "price": { "price": 32.6, "unitPrice": 149.03, "unit": "kg", "qty": 0.22 }
  },
  {
    "title": "Philadelphia Gressløk",
    "subtitle": "200 g",
    "category": { "sub": "Smøreost og prim", "parent": "Oster" },
    "price": { "price": 33.4, "unitPrice": 133.6, "unit": "kg", "qty": 0.25 }
  },
  {
    "title": "Philadelphia med Melkesjokolade",
    "subtitle": "160 g",
    "category": { "sub": "Smøreost og prim", "parent": "Oster" },
    "price": { "price": 32.6, "unitPrice": 163, "unit": "kg", "qty": 0.2 }
  },
  {
    "title": "Kremost",
    "subtitle": "Krydder, 125 g",
    "category": { "sub": "Smøreost og prim", "parent": "Oster" },
    "price": { "price": 13.9, "unitPrice": 111.2, "unit": "kg", "qty": 0.13 }
  },
  {
    "title": "Kremost",
    "subtitle": "Urter, 125 g",
    "category": { "sub": "Smøreost og prim", "parent": "Oster" },
    "price": { "price": 16.8, "unitPrice": 134.4, "unit": "kg", "qty": 0.13 }
  },
  {
    "title": "Kremost",
    "subtitle": "Naturell, 125 g",
    "category": { "sub": "Smøreost og prim", "parent": "Oster" },
    "price": { "price": 15.7, "unitPrice": 125.6, "unit": "kg", "qty": 0.13 }
  },
  {
    "title": "Karveost",
    "subtitle": "Beger, 200 g",
    "category": { "sub": "Smøreost og prim", "parent": "Oster" },
    "price": { "price": 32.8, "unitPrice": 164, "unit": "kg", "qty": 0.2 }
  },
  {
    "title": "Snøfrisk Rødløk & Timian",
    "subtitle": "125 g",
    "category": { "sub": "Smøreost og prim", "parent": "Oster" },
    "price": { "price": 28.6, "unitPrice": 228.8, "unit": "kg", "qty": 0.13 }
  },
  {
    "title": "Snøfrisk Dill",
    "subtitle": "125 g",
    "category": { "sub": "Smøreost og prim", "parent": "Oster" },
    "price": { "price": 32.4, "unitPrice": 259.2, "unit": "kg", "qty": 0.13 }
  },
  {
    "title": "Snøfrisk Ramsløk & Hvitløk",
    "subtitle": "125 g",
    "category": { "sub": "Smøreost og prim", "parent": "Oster" },
    "price": { "price": 33.9, "unitPrice": 271.2, "unit": "kg", "qty": 0.13 }
  },
  {
    "title": "Snøfrisk Naturell",
    "subtitle": "125 g",
    "category": { "sub": "Smøreost og prim", "parent": "Oster" },
    "price": { "price": 21.2, "unitPrice": 169.6, "unit": "kg", "qty": 0.13 }
  },
  {
    "title": "Sprett Pluss Prim",
    "subtitle": "Helt naturlig, 300 g",
    "category": { "sub": "Smøreost og prim", "parent": "Oster" },
    "price": { "price": 29.7, "unitPrice": 99, "unit": "kg", "qty": 0.3 }
  },
  {
    "title": "Prim Lett",
    "subtitle": "4% fett, 300 g",
    "category": { "sub": "Smøreost og prim", "parent": "Oster" },
    "price": { "price": 28.4, "unitPrice": 94.67, "unit": "kg", "qty": 0.3 }
  },
  {
    "title": "Prim Original",
    "subtitle": "8% fett, 300 g",
    "category": { "sub": "Smøreost og prim", "parent": "Oster" },
    "price": { "price": 25.6, "unitPrice": 85.33, "unit": "kg", "qty": 0.3 }
  },
  {
    "title": "Herkules Prim",
    "subtitle": "190 g",
    "category": { "sub": "Smøreost og prim", "parent": "Oster" },
    "price": { "price": 19.8, "unitPrice": 104.21, "unit": "kg", "qty": 0.19 }
  },
  {
    "title": "Baconost",
    "subtitle": "Tube, 175 g",
    "category": { "sub": "Smøreost og prim", "parent": "Oster" },
    "price": { "price": 30.2, "unitPrice": 172.57, "unit": "kg", "qty": 0.18 }
  },
  {
    "title": "Crème Chérie",
    "subtitle": "Kirsebær, 150 g",
    "category": { "sub": "Smøreost og prim", "parent": "Oster" },
    "price": { "price": 27.9, "unitPrice": 186, "unit": "kg", "qty": 0.15 }
  },
  {
    "title": "Jalapeño Ost",
    "subtitle": "Tube, 175 g",
    "category": { "sub": "Smøreost og prim", "parent": "Oster" },
    "price": { "price": 33.4, "unitPrice": 190.86, "unit": "kg", "qty": 0.17 }
  },
  {
    "title": "Kremoster Minimiks",
    "subtitle": "100 g",
    "category": { "sub": "Smøreost og prim", "parent": "Oster" },
    "price": { "price": 34.2, "unitPrice": 342, "unit": "kg", "qty": 0.1 }
  },
  {
    "title": "Magerost Jalapeno",
    "subtitle": "175 g",
    "category": { "sub": "Smøreost og prim", "parent": "Oster" },
    "price": { "price": 32.8, "unitPrice": 187.43, "unit": "kg", "qty": 0.17 }
  },
  {
    "title": "Magerost Kylling",
    "subtitle": "Tube, 175 g",
    "category": { "sub": "Smøreost og prim", "parent": "Oster" },
    "price": { "price": 33.3, "unitPrice": 190.29, "unit": "kg", "qty": 0.17 }
  },
  {
    "title": "Mager Skinkeost",
    "subtitle": "Tube, 175 g",
    "category": { "sub": "Smøreost og prim", "parent": "Oster" },
    "price": { "price": 32.8, "unitPrice": 187.43, "unit": "kg", "qty": 0.17 }
  },
  {
    "title": "Rekeost",
    "subtitle": "Tube, 175 g",
    "category": { "sub": "Smøreost og prim", "parent": "Oster" },
    "price": { "price": 33.4, "unitPrice": 190.86, "unit": "kg", "qty": 0.17 }
  },
  {
    "title": "Skinkeost",
    "subtitle": "Tube, 175 g",
    "category": { "sub": "Smøreost og prim", "parent": "Oster" },
    "price": { "price": 30.3, "unitPrice": 173.14, "unit": "kg", "qty": 0.18 }
  },
  {
    "title": "Smaksrik Chili Paprika",
    "subtitle": "Tube, 175 g",
    "category": { "sub": "Smøreost og prim", "parent": "Oster" },
    "price": { "price": 40.8, "unitPrice": 233.14, "unit": "kg", "qty": 0.18 }
  },
  {
    "title": "Philadelphia Original Kuvert",
    "subtitle": "16,7g, 24 stk",
    "category": { "sub": "Smøreost og prim", "parent": "Oster" },
    "price": { "price": 54.4, "unitPrice": 2.27, "unit": "stk", "qty": 23.96 }
  },
  {
    "title": "Norvegia Smøreost Med Bacon",
    "subtitle": "165 g",
    "category": { "sub": "Smøreost og prim", "parent": "Oster" },
    "price": { "price": 29.8, "unitPrice": 180.61, "unit": "kg", "qty": 0.16 }
  },
  {
    "title": "Norvegia Smøreost Med Skinke",
    "subtitle": "165 g",
    "category": { "sub": "Smøreost og prim", "parent": "Oster" },
    "price": { "price": 29.8, "unitPrice": 180.61, "unit": "kg", "qty": 0.16 }
  },
  {
    "title": "Bufar",
    "subtitle": "320 g",
    "category": { "sub": "Spesialoster", "parent": "Oster" },
    "price": { "price": 126.9, "unitPrice": 396.56, "unit": "kg", "qty": 0.32 }
  },
  {
    "title": "Brie de Paris",
    "subtitle": "250 g",
    "category": { "sub": "Spesialoster", "parent": "Oster" },
    "price": { "price": 62.2, "unitPrice": 248.8, "unit": "kg", "qty": 0.25 }
  },
  {
    "title": "Camembert Le Rustique",
    "subtitle": "250 g",
    "category": { "sub": "Spesialoster", "parent": "Oster" },
    "price": { "price": 56.8, "unitPrice": 227.2, "unit": "kg", "qty": 0.25 }
  },
  {
    "title": "Le Crémier de Chaumes",
    "subtitle": "250 g",
    "category": { "sub": "Spesialoster", "parent": "Oster" },
    "price": { "price": 120.9, "unitPrice": 483.6, "unit": "kg", "qty": 0.25 }
  },
  {
    "title": "Chablis",
    "subtitle": "Rødkittost, 200 g",
    "category": { "sub": "Spesialoster", "parent": "Oster" },
    "price": { "price": 98.4, "unitPrice": 492, "unit": "kg", "qty": 0.2 }
  },
  {
    "title": "Petit Delice Des Cremieres",
    "subtitle": "200 g",
    "category": { "sub": "Spesialoster", "parent": "Oster" },
    "price": { "price": 130.2, "unitPrice": 651, "unit": "kg", "qty": 0.2 }
  },
  {
    "title": "Camembert",
    "subtitle": "250 g",
    "category": { "sub": "Spesialoster", "parent": "Oster" },
    "price": { "price": 52.8, "unitPrice": 211.2, "unit": "kg", "qty": 0.25 }
  },
  {
    "title": "Epoisses de Bourgogne AOP",
    "subtitle": "250 g",
    "category": { "sub": "Spesialoster", "parent": "Oster" },
    "price": { "price": 173.8, "unitPrice": 695.2, "unit": "kg", "qty": 0.25 }
  },
  {
    "title": "Taleggio DOP",
    "subtitle": "200 g",
    "category": { "sub": "Spesialoster", "parent": "Oster" },
    "price": { "price": 86.3, "unitPrice": 431.5, "unit": "kg", "qty": 0.2 }
  },
  {
    "title": "Saint Agur",
    "subtitle": "125 g",
    "category": { "sub": "Spesialoster", "parent": "Oster" },
    "price": { "price": 92.8, "unitPrice": 742.4, "unit": "kg", "qty": 0.13 }
  },
  {
    "title": "Roquefort Vernieres AOP",
    "subtitle": "100 g",
    "category": { "sub": "Spesialoster", "parent": "Oster" },
    "price": { "price": 72.8, "unitPrice": 728, "unit": "kg", "qty": 0.1 }
  },
  {
    "title": "Selbu Blå",
    "subtitle": "150 g",
    "category": { "sub": "Spesialoster", "parent": "Oster" },
    "price": { "price": 34.7, "unitPrice": 231.33, "unit": "kg", "qty": 0.15 }
  },
  {
    "title": "Norzola",
    "subtitle": "150 g",
    "category": { "sub": "Spesialoster", "parent": "Oster" },
    "price": { "price": 41.1, "unitPrice": 274, "unit": "kg", "qty": 0.15 }
  },
  {
    "title": "Tine Dovretinde",
    "subtitle": "150 g",
    "category": { "sub": "Spesialoster", "parent": "Oster" },
    "price": { "price": 50, "unitPrice": 333.33, "unit": "kg", "qty": 0.15 }
  },
  {
    "title": "Castello Guldbrie",
    "subtitle": "200 g",
    "category": { "sub": "Spesialoster", "parent": "Oster" },
    "price": { "price": 45.4, "unitPrice": 227, "unit": "kg", "qty": 0.2 }
  },
  {
    "title": "Gamalost Frå Vik",
    "subtitle": "150 g",
    "category": { "sub": "Spesialoster", "parent": "Oster" },
    "price": { "price": 53.8, "unitPrice": 358.67, "unit": "kg", "qty": 0.15 }
  },
  {
    "title": "Mozzarella di Bufala Fersk",
    "subtitle": "125 g",
    "category": { "sub": "Spesialoster", "parent": "Oster" },
    "price": { "price": 49.8, "unitPrice": 398.4, "unit": "kg", "qty": 0.13 }
  },
  {
    "title": "Ambrosi Mozzarella",
    "subtitle": "Italia, 125 g",
    "category": { "sub": "Spesialoster", "parent": "Oster" },
    "price": { "price": 21.7, "unitPrice": 173.6, "unit": "kg", "qty": 0.13 }
  },
  {
    "title": "Fersk Mozzarella",
    "subtitle": "Alpinetta, 125 g",
    "category": { "sub": "Spesialoster", "parent": "Oster" },
    "price": { "price": 21.1, "unitPrice": 168.8, "unit": "kg", "qty": 0.13 }
  },
  {
    "title": "Økologisk Mozzarella",
    "subtitle": "125 g",
    "category": { "sub": "Spesialoster", "parent": "Oster" },
    "price": { "price": 32.6, "unitPrice": 260.8, "unit": "kg", "qty": 0.13 }
  },
  {
    "title": "Chevre Haukeli Naturell",
    "subtitle": "190 g",
    "category": { "sub": "Spesialoster", "parent": "Oster" },
    "price": { "price": 59.8, "unitPrice": 314.74, "unit": "kg", "qty": 0.19 }
  },
  {
    "title": "Chevre Ramsløk Haukeli",
    "subtitle": "120 g",
    "category": { "sub": "Spesialoster", "parent": "Oster" },
    "price": { "price": 62.5, "unitPrice": 520.83, "unit": "kg", "qty": 0.12 }
  },
  {
    "title": "Chèvre",
    "subtitle": "120 g",
    "category": { "sub": "Spesialoster", "parent": "Oster" },
    "price": { "price": 54.3, "unitPrice": 452.5, "unit": "kg", "qty": 0.12 }
  },
  {
    "title": "Grana Padano Trekant 10 mnd DOP",
    "subtitle": "200 g",
    "category": { "sub": "Spesialoster", "parent": "Oster" },
    "price": { "price": 93.9, "unitPrice": 469.5, "unit": "kg", "qty": 0.2 }
  },
  {
    "title": "Michelangelo Parmesan",
    "subtitle": "200 g",
    "category": { "sub": "Spesialoster", "parent": "Oster" },
    "price": { "price": 80, "unitPrice": 400, "unit": "kg", "qty": 0.2 }
  },
  {
    "title": "Grana Padano",
    "subtitle": "200 g",
    "category": { "sub": "Spesialoster", "parent": "Oster" },
    "price": { "price": 57.8, "unitPrice": 289, "unit": "kg", "qty": 0.2 }
  },
  {
    "title": "Parmiggiano",
    "subtitle": "150 g",
    "category": { "sub": "Spesialoster", "parent": "Oster" },
    "price": { "price": 57.8, "unitPrice": 385.33, "unit": "kg", "qty": 0.15 }
  },
  {
    "title": "Parmigiano Reggiano",
    "subtitle": "150 g",
    "category": { "sub": "Spesialoster", "parent": "Oster" },
    "price": { "price": 63.6, "unitPrice": 424, "unit": "kg", "qty": 0.15 }
  },
  {
    "title": "Parmigiano Reggiano Stick",
    "subtitle": "Michelangelo, 125 g",
    "category": { "sub": "Spesialoster", "parent": "Oster" },
    "price": { "price": 46.2, "unitPrice": 369.6, "unit": "kg", "qty": 0.13 }
  },
  {
    "title": "Parmigiano Reggiano Parmesan Stick",
    "subtitle": "15 mnd DOP, 125 g",
    "category": { "sub": "Spesialoster", "parent": "Oster" },
    "price": { "price": 74.8, "unitPrice": 598.4, "unit": "kg", "qty": 0.13 }
  },
  {
    "title": "Grana Padano",
    "subtitle": "200 g",
    "category": { "sub": "Spesialoster", "parent": "Oster" },
    "price": { "price": 63.6, "unitPrice": 318, "unit": "kg", "qty": 0.2 }
  },
  {
    "title": "Manchego 3 mnd DOP",
    "subtitle": "200 g",
    "category": { "sub": "Spesialoster", "parent": "Oster" },
    "price": { "price": 87.4, "unitPrice": 437, "unit": "kg", "qty": 0.2 }
  },
  {
    "title": "Manchego DOP",
    "subtitle": "Lagret 6 mnd, 150 g",
    "category": { "sub": "Spesialoster", "parent": "Oster" },
    "price": { "price": 60.6, "unitPrice": 404, "unit": "kg", "qty": 0.15 }
  },
  {
    "title": "Castello Hvit",
    "subtitle": "150 g",
    "category": { "sub": "Spesialoster", "parent": "Oster" },
    "price": { "price": 39.4, "unitPrice": 262.67, "unit": "kg", "qty": 0.15 }
  },
  {
    "title": "Castello White med Chili",
    "subtitle": "150 g",
    "category": { "sub": "Spesialoster", "parent": "Oster" },
    "price": { "price": 42.8, "unitPrice": 285.33, "unit": "kg", "qty": 0.15 }
  },
  {
    "title": "Castello Blå",
    "subtitle": "150 g",
    "category": { "sub": "Spesialoster", "parent": "Oster" },
    "price": { "price": 34.6, "unitPrice": 230.67, "unit": "kg", "qty": 0.15 }
  },
  {
    "title": "Babybel Mini",
    "subtitle": "120 g",
    "category": { "sub": "Spesialoster", "parent": "Oster" },
    "price": { "price": 39.8, "unitPrice": 331.67, "unit": "kg", "qty": 0.12 }
  },
  {
    "title": "Greco Ekte Fetaost",
    "subtitle": "150 g",
    "category": { "sub": "Spesialoster", "parent": "Oster" },
    "price": { "price": 48.7, "unitPrice": 324.67, "unit": "kg", "qty": 0.15 }
  },
  {
    "title": "Gresk Feta PDO",
    "subtitle": "200 g",
    "category": { "sub": "Spesialoster", "parent": "Oster" },
    "price": { "price": 51.8, "unitPrice": 259, "unit": "kg", "qty": 0.2 }
  },
  {
    "title": "Gresk Feta PDO",
    "subtitle": "Økologisk, 200 g",
    "category": { "sub": "Spesialoster", "parent": "Oster" },
    "price": { "price": 73.1, "unitPrice": 365.5, "unit": "kg", "qty": 0.2 }
  },
  {
    "title": "Ekte Feta",
    "subtitle": "Olympus, 150 g",
    "category": { "sub": "Spesialoster", "parent": "Oster" },
    "price": { "price": 34.6, "unitPrice": 230.67, "unit": "kg", "qty": 0.15 }
  },
  {
    "title": "Apetina Classic",
    "subtitle": "200 g",
    "category": { "sub": "Spesialoster", "parent": "Oster" },
    "price": { "price": 31.5, "unitPrice": 157.5, "unit": "kg", "qty": 0.2 }
  },
  {
    "title": "Apetina Laktosefri",
    "subtitle": "200 g",
    "category": { "sub": "Spesialoster", "parent": "Oster" },
    "price": { "price": 39.6, "unitPrice": 198, "unit": "kg", "qty": 0.2 }
  },
  {
    "title": "Fetaost",
    "subtitle": "200 g",
    "category": { "sub": "Spesialoster", "parent": "Oster" },
    "price": { "price": 41.1, "unitPrice": 205.5, "unit": "kg", "qty": 0.2 }
  },
  {
    "title": "Apetinaterninger Med Soltørket Tomater",
    "subtitle": "100 g",
    "category": { "sub": "Spesialoster", "parent": "Oster" },
    "price": { "price": 21.6, "unitPrice": 216, "unit": "kg", "qty": 0.1 }
  },
  {
    "title": "Apetina Marinert",
    "subtitle": "Herbs & Spices, 265 g",
    "category": { "sub": "Spesialoster", "parent": "Oster" },
    "price": { "price": 37.9, "unitPrice": 143.02, "unit": "kg", "qty": 0.26 }
  },
  {
    "title": "Toastost Skivet",
    "subtitle": "200 g",
    "category": { "sub": "Spesialoster", "parent": "Oster" },
    "price": { "price": 36.8, "unitPrice": 184, "unit": "kg", "qty": 0.2 }
  },
  {
    "title": "Cheddar Engelsk",
    "subtitle": "Skivet, 150 g",
    "category": { "sub": "Spesialoster", "parent": "Oster" },
    "price": { "price": 49.8, "unitPrice": 332, "unit": "kg", "qty": 0.15 }
  },
  {
    "title": "Ekte Hvit Geitost",
    "subtitle": "330 g",
    "category": { "sub": "Spesialoster", "parent": "Oster" },
    "price": { "price": 65.8, "unitPrice": 199.39, "unit": "kg", "qty": 0.33 }
  },
  {
    "title": "Balsfjord",
    "subtitle": "300 g",
    "category": { "sub": "Spesialoster", "parent": "Oster" },
    "price": { "price": 82.4, "unitPrice": 274.67, "unit": "kg", "qty": 0.3 }
  },
  {
    "title": "Halloumi",
    "subtitle": "Classic fra Alambra, 250 g",
    "category": { "sub": "Spesialoster", "parent": "Oster" },
    "price": { "price": 69.8, "unitPrice": 279.2, "unit": "kg", "qty": 0.25 }
  },
  {
    "title": "Prima Donna Fino",
    "subtitle": "220 g",
    "category": { "sub": "Spesialoster", "parent": "Oster" },
    "price": { "price": 86.3, "unitPrice": 392.27, "unit": "kg", "qty": 0.22 }
  },
  {
    "title": "Prima Donna Maturo",
    "subtitle": "220 g",
    "category": { "sub": "Spesialoster", "parent": "Oster" },
    "price": { "price": 92.8, "unitPrice": 421.82, "unit": "kg", "qty": 0.22 }
  },
  {
    "title": "Helin Nøkkelost",
    "subtitle": "350 g",
    "category": { "sub": "Spesialoster", "parent": "Oster" },
    "price": { "price": 162.9, "unitPrice": 465.43, "unit": "kg", "qty": 0.35 }
  },
  {
    "title": "Cheddar",
    "subtitle": "200 g",
    "category": { "sub": "Spesialoster", "parent": "Oster" },
    "price": { "price": 52.4, "unitPrice": 262, "unit": "kg", "qty": 0.2 }
  },
  {
    "title": "Cheddar Little Black Bomber",
    "subtitle": "200 g",
    "category": { "sub": "Spesialoster", "parent": "Oster" },
    "price": { "price": 119.3, "unitPrice": 596.5, "unit": "kg", "qty": 0.2 }
  },
  {
    "title": "Parmigiano Reggiano Revet",
    "subtitle": "80 g",
    "category": { "sub": "Spesialoster", "parent": "Oster" },
    "price": { "price": 37.4, "unitPrice": 467.5, "unit": "kg", "qty": 0.08 }
  },
  {
    "title": "Saint Agur Creme",
    "subtitle": "150 g",
    "category": { "sub": "Spesialoster", "parent": "Oster" },
    "price": { "price": 76.4, "unitPrice": 509.33, "unit": "kg", "qty": 0.15 }
  },
  {
    "title": "Gorgonzola Dolce",
    "subtitle": "150 g",
    "category": { "sub": "Spesialoster", "parent": "Oster" },
    "price": { "price": 56.4, "unitPrice": 376, "unit": "kg", "qty": 0.15 }
  },
  {
    "title": "Mascarpone",
    "subtitle": "250 g",
    "category": { "sub": "Spesialoster", "parent": "Oster" },
    "price": { "price": 59.8, "unitPrice": 239.2, "unit": "kg", "qty": 0.25 }
  },
  {
    "title": "Crème Chérie",
    "subtitle": "Kirsebær, 150 g",
    "category": { "sub": "Spesialoster", "parent": "Oster" },
    "price": { "price": 27.9, "unitPrice": 186, "unit": "kg", "qty": 0.15 }
  },
  {
    "title": "Fryd Crème Pepper",
    "subtitle": "150 g",
    "category": { "sub": "Spesialoster", "parent": "Oster" },
    "price": { "price": 53.7, "unitPrice": 358, "unit": "kg", "qty": 0.15 }
  },
  {
    "title": "Fryd Crème Aprikos",
    "subtitle": "150 g",
    "category": { "sub": "Spesialoster", "parent": "Oster" },
    "price": { "price": 50.8, "unitPrice": 338.67, "unit": "kg", "qty": 0.15 }
  },
  {
    "title": "Le Roulé Tranebær",
    "subtitle": "125 g",
    "category": { "sub": "Spesialoster", "parent": "Oster" },
    "price": { "price": 92.8, "unitPrice": 742.4, "unit": "kg", "qty": 0.13 }
  },
  {
    "title": "Rambol Valnøtt",
    "subtitle": "125 g",
    "category": { "sub": "Spesialoster", "parent": "Oster" },
    "price": { "price": 87.4, "unitPrice": 699.2, "unit": "kg", "qty": 0.13 }
  },
  {
    "title": "Tartare Aperifrais Provence",
    "subtitle": "100 g",
    "category": { "sub": "Spesialoster", "parent": "Oster" },
    "price": { "price": 65.3, "unitPrice": 653, "unit": "kg", "qty": 0.1 }
  },
  {
    "title": "Kremoster Minimiks",
    "subtitle": "100 g",
    "category": { "sub": "Spesialoster", "parent": "Oster" },
    "price": { "price": 34.2, "unitPrice": 342, "unit": "kg", "qty": 0.1 }
  },
  {
    "title": "Pultost Løiten",
    "subtitle": "180 g",
    "category": { "sub": "Spesialoster", "parent": "Oster" },
    "price": { "price": 53.4, "unitPrice": 296.67, "unit": "kg", "qty": 0.18 }
  },
  {
    "title": "Mozzarella Sticks",
    "subtitle": "Taste Lab, 250 g",
    "category": { "sub": "Spesialoster", "parent": "Oster" },
    "price": { "price": 34.7, "unitPrice": 138.8, "unit": "kg", "qty": 0.25 }
  },
  {
    "title": "Den Leende Ku",
    "subtitle": "8 pakker, 140 g",
    "category": { "sub": "Spesialoster", "parent": "Oster" },
    "price": { "price": 25.8, "unitPrice": 184.29, "unit": "kg", "qty": 0.14 }
  },
  {
    "title": "Blåmuggost",
    "subtitle": "125 g",
    "category": { "sub": "Spesialoster", "parent": "Oster" },
    "price": { "price": 39.7, "unitPrice": 317.6, "unit": "kg", "qty": 0.13 }
  },
  {
    "title": "Brie",
    "subtitle": "En Verden av Oster, 180 g",
    "category": { "sub": "Spesialoster", "parent": "Oster" },
    "price": { "price": 37, "unitPrice": 205.56, "unit": "kg", "qty": 0.18 }
  },
  {
    "title": "Rå Bær Smoothie",
    "subtitle": "200 ml",
    "category": {
      "sub": "Smoothies og yoghurt",
      "parent": "Serveringsklare retter"
    },
    "price": { "price": 25.1, "unitPrice": 125.5, "unit": "l", "qty": 0.2 }
  },
  {
    "title": "Byggrynslunsj UTEN",
    "subtitle": "Med Jordbær & Lime, 150 g",
    "category": {
      "sub": "Smoothies og yoghurt",
      "parent": "Serveringsklare retter"
    },
    "price": { "price": 15.8, "unitPrice": 105.33, "unit": "kg", "qty": 0.15 }
  },
  {
    "title": "Byggrynslunsj UTEN",
    "subtitle": "Med Eple & Pære, 150 g",
    "category": {
      "sub": "Smoothies og yoghurt",
      "parent": "Serveringsklare retter"
    },
    "price": { "price": 16.4, "unitPrice": 109.33, "unit": "kg", "qty": 0.15 }
  },
  {
    "title": "Skyr Mango og Pasjonsfrukt",
    "subtitle": "125 g",
    "category": {
      "sub": "Smoothies og yoghurt",
      "parent": "Serveringsklare retter"
    },
    "price": { "price": 18.8, "unitPrice": 150.4, "unit": "kg", "qty": 0.13 }
  },
  {
    "title": "Tine Yoghurt Nyt Lakris",
    "subtitle": "127 g",
    "category": {
      "sub": "Smoothies og yoghurt",
      "parent": "Serveringsklare retter"
    },
    "price": { "price": 18.6, "unitPrice": 146.46, "unit": "kg", "qty": 0.13 }
  },
  {
    "title": "Gresk Yoghurt Salted Caramel",
    "subtitle": "160 g",
    "category": {
      "sub": "Smoothies og yoghurt",
      "parent": "Serveringsklare retter"
    },
    "price": { "price": 24.8, "unitPrice": 155, "unit": "kg", "qty": 0.16 }
  },
  {
    "title": "Synnøve Gresk Yoghurt Lemon Cheesecake",
    "subtitle": "158 g",
    "category": {
      "sub": "Smoothies og yoghurt",
      "parent": "Serveringsklare retter"
    },
    "price": { "price": 24.8, "unitPrice": 156.96, "unit": "kg", "qty": 0.16 }
  },
  {
    "title": "Yogrøt Med Mango, Fersken & Pekan",
    "subtitle": "158 g",
    "category": {
      "sub": "Smoothies og yoghurt",
      "parent": "Serveringsklare retter"
    },
    "price": { "price": 31.4, "unitPrice": 198.73, "unit": "kg", "qty": 0.16 }
  },
  {
    "title": "Nysmurt Ciabatta Med Ost & Skinke",
    "subtitle": "1 stk",
    "category": { "sub": "Ferdig påsmurt", "parent": "Serveringsklare retter" },
    "price": { "price": 59.9, "unitPrice": 59.9, "unit": "stk", "qty": 1 }
  },
  {
    "title": "Nysmurt Ciabatta Med Kylling",
    "subtitle": "1 stk",
    "category": { "sub": "Ferdig påsmurt", "parent": "Serveringsklare retter" },
    "price": { "price": 59.9, "unitPrice": 59.9, "unit": "stk", "qty": 1 }
  },
  {
    "title": "Nysmurt Ciabatta Med Røkt Laks og Eggerøre",
    "subtitle": "1 stk",
    "category": { "sub": "Ferdig påsmurt", "parent": "Serveringsklare retter" },
    "price": { "price": 59.9, "unitPrice": 59.9, "unit": "stk", "qty": 1 }
  },
  {
    "title": "Nysmurt Ciabatta Med Roastbeef",
    "subtitle": "220 g",
    "category": { "sub": "Ferdig påsmurt", "parent": "Serveringsklare retter" },
    "price": { "price": 59.9, "unitPrice": 272.27, "unit": "kg", "qty": 0.22 }
  },
  {
    "title": "Nysmurt Vegetar Wraps",
    "subtitle": "1 stk",
    "category": { "sub": "Ferdig påsmurt", "parent": "Serveringsklare retter" },
    "price": { "price": 49.9, "unitPrice": 49.9, "unit": "stk", "qty": 1 }
  },
  {
    "title": "Nysmurt Wrap Med Ost og Skinke",
    "subtitle": "1 stk",
    "category": { "sub": "Ferdig påsmurt", "parent": "Serveringsklare retter" },
    "price": { "price": 49.9, "unitPrice": 49.9, "unit": "stk", "qty": 1 }
  },
  {
    "title": "Kyllingsalat",
    "subtitle": "1 stk",
    "category": { "sub": "Ferdig påsmurt", "parent": "Serveringsklare retter" },
    "price": { "price": 109, "unitPrice": 109, "unit": "stk", "qty": 1 }
  },
  {
    "title": "Salat med Ost Og skinke",
    "subtitle": "1 stk",
    "category": { "sub": "Ferdig påsmurt", "parent": "Serveringsklare retter" },
    "price": { "price": 109, "unitPrice": 109, "unit": "stk", "qty": 1 }
  },
  {
    "title": "Rekesalat",
    "subtitle": "1 stk",
    "category": { "sub": "Ferdig påsmurt", "parent": "Serveringsklare retter" },
    "price": { "price": 109, "unitPrice": 109, "unit": "stk", "qty": 1 }
  },
  {
    "title": "Grov Toast",
    "subtitle": "Med Kylling & Ramsløk, 2 stk",
    "category": { "sub": "Ferdig påsmurt", "parent": "Serveringsklare retter" },
    "price": { "price": 32.6, "unitPrice": 171.58, "unit": "kg", "qty": 0.19 }
  },
  {
    "title": "Original Wienertoast",
    "subtitle": "2 stk",
    "category": { "sub": "Ferdig påsmurt", "parent": "Serveringsklare retter" },
    "price": { "price": 29.5, "unitPrice": 163.89, "unit": "kg", "qty": 0.18 }
  },
  {
    "title": "Glutenfri Wienertoast",
    "subtitle": "2 stk",
    "category": { "sub": "Ferdig påsmurt", "parent": "Serveringsklare retter" },
    "price": { "price": 38.8, "unitPrice": 215.56, "unit": "kg", "qty": 0.18 }
  },
  {
    "title": "Kokt skinke",
    "subtitle": "Håndlagt, 100 g",
    "category": { "sub": "Kjøtt- og kyllingpålegg", "parent": "Pålegg" },
    "price": { "price": 28.3, "unitPrice": 283, "unit": "kg", "qty": 0.1 }
  },
  {
    "title": "Roastbiff",
    "subtitle": "100 g",
    "category": { "sub": "Kjøtt- og kyllingpålegg", "parent": "Pålegg" },
    "price": { "price": 37.2, "unitPrice": 372, "unit": "kg", "qty": 0.1 }
  },
  {
    "title": "Provenceskinke",
    "subtitle": "Med Oliven, 100 g",
    "category": { "sub": "Kjøtt- og kyllingpålegg", "parent": "Pålegg" },
    "price": { "price": 32.6, "unitPrice": 326, "unit": "kg", "qty": 0.1 }
  },
  {
    "title": "Ardenneskinke",
    "subtitle": "100 g",
    "category": { "sub": "Kjøtt- og kyllingpålegg", "parent": "Pålegg" },
    "price": { "price": 32.6, "unitPrice": 326, "unit": "kg", "qty": 0.1 }
  },
  {
    "title": "Ribberull",
    "subtitle": "100 g",
    "category": { "sub": "Kjøtt- og kyllingpålegg", "parent": "Pålegg" },
    "price": { "price": 32.6, "unitPrice": 326, "unit": "kg", "qty": 0.1 }
  },
  {
    "title": "Gourmetskinke",
    "subtitle": "100 g",
    "category": { "sub": "Kjøtt- og kyllingpålegg", "parent": "Pålegg" },
    "price": { "price": 32.6, "unitPrice": 326, "unit": "kg", "qty": 0.1 }
  },
  {
    "title": "Marinert & Kydret Skinkebiff",
    "subtitle": "100 g",
    "category": { "sub": "Kjøtt- og kyllingpålegg", "parent": "Pålegg" },
    "price": { "price": 32.6, "unitPrice": 326, "unit": "kg", "qty": 0.1 }
  },
  {
    "title": "Pepperskinke",
    "subtitle": "100 g",
    "category": { "sub": "Kjøtt- og kyllingpålegg", "parent": "Pålegg" },
    "price": { "price": 32.6, "unitPrice": 326, "unit": "kg", "qty": 0.1 }
  },
  {
    "title": "Røkt Kalkunbryst",
    "subtitle": "100 g",
    "category": { "sub": "Kjøtt- og kyllingpålegg", "parent": "Pålegg" },
    "price": { "price": 38.2, "unitPrice": 382, "unit": "kg", "qty": 0.1 }
  },
  {
    "title": "Kyllingpastrami",
    "subtitle": "100 g",
    "category": { "sub": "Kjøtt- og kyllingpålegg", "parent": "Pålegg" },
    "price": { "price": 32.6, "unitPrice": 326, "unit": "kg", "qty": 0.1 }
  },
  {
    "title": "Urtemarinert Kalkunbryst",
    "subtitle": "100 g",
    "category": { "sub": "Kjøtt- og kyllingpålegg", "parent": "Pålegg" },
    "price": { "price": 38.2, "unitPrice": 382, "unit": "kg", "qty": 0.1 }
  },
  {
    "title": "Mortadella i Skiver",
    "subtitle": "150 g",
    "category": { "sub": "Kjøtt- og kyllingpålegg", "parent": "Pålegg" },
    "price": { "price": 49.9, "unitPrice": 332.67, "unit": "kg", "qty": 0.15 }
  },
  {
    "title": "Bøkerøkt Kalkunskinke Skivet",
    "subtitle": "150 g",
    "category": { "sub": "Kjøtt- og kyllingpålegg", "parent": "Pålegg" },
    "price": { "price": 74.9, "unitPrice": 499.33, "unit": "kg", "qty": 0.15 }
  },
  {
    "title": "Økologisk Provenceskinke Skivet",
    "subtitle": "150 g",
    "category": { "sub": "Kjøtt- og kyllingpålegg", "parent": "Pålegg" },
    "price": { "price": 99, "unitPrice": 660, "unit": "kg", "qty": 0.15 }
  },
  {
    "title": "Røkt Torshov Skinke",
    "subtitle": "150 g",
    "category": { "sub": "Kjøtt- og kyllingpålegg", "parent": "Pålegg" },
    "price": { "price": 59.9, "unitPrice": 399.33, "unit": "kg", "qty": 0.15 }
  },
  {
    "title": "Torshov Skinke",
    "subtitle": "150 g",
    "category": { "sub": "Kjøtt- og kyllingpålegg", "parent": "Pålegg" },
    "price": { "price": 59.9, "unitPrice": 399.33, "unit": "kg", "qty": 0.15 }
  },
  {
    "title": "Salami Skivet",
    "subtitle": "150 g",
    "category": { "sub": "Kjøtt- og kyllingpålegg", "parent": "Pålegg" },
    "price": { "price": 89.9, "unitPrice": 599.33, "unit": "kg", "qty": 0.15 }
  },
  {
    "title": "Spekeskinke",
    "subtitle": "I Skiver, 200 g",
    "category": { "sub": "Kjøtt- og kyllingpålegg", "parent": "Pålegg" },
    "price": { "price": 119, "unitPrice": 595, "unit": "kg", "qty": 0.2 }
  },
  {
    "title": "Bøkerøkt Skinke",
    "subtitle": "120 g",
    "category": { "sub": "Kjøtt- og kyllingpålegg", "parent": "Pålegg" },
    "price": { "price": 39.8, "unitPrice": 331.67, "unit": "kg", "qty": 0.12 }
  },
  {
    "title": "Hawaiifilet",
    "subtitle": "100 g",
    "category": { "sub": "Kjøtt- og kyllingpålegg", "parent": "Pålegg" },
    "price": { "price": 36.8, "unitPrice": 368, "unit": "kg", "qty": 0.1 }
  },
  {
    "title": "Løvskåret Pepperskinke",
    "subtitle": "100 g",
    "category": { "sub": "Kjøtt- og kyllingpålegg", "parent": "Pålegg" },
    "price": { "price": 36, "unitPrice": 360, "unit": "kg", "qty": 0.1 }
  },
  {
    "title": "Provencefilet",
    "subtitle": "100 g",
    "category": { "sub": "Kjøtt- og kyllingpålegg", "parent": "Pålegg" },
    "price": { "price": 32.5, "unitPrice": 325, "unit": "kg", "qty": 0.1 }
  },
  {
    "title": "Svinestek av Filet",
    "subtitle": "100 g",
    "category": { "sub": "Kjøtt- og kyllingpålegg", "parent": "Pålegg" },
    "price": { "price": 31.7, "unitPrice": 317, "unit": "kg", "qty": 0.1 }
  },
  {
    "title": "Krydret Skinke",
    "subtitle": "100 g",
    "category": { "sub": "Kjøtt- og kyllingpålegg", "parent": "Pålegg" },
    "price": { "price": 29.6, "unitPrice": 296, "unit": "kg", "qty": 0.1 }
  },
  {
    "title": "Bøkerøkt Herregårdsskinke",
    "subtitle": "100 g",
    "category": { "sub": "Kjøtt- og kyllingpålegg", "parent": "Pålegg" },
    "price": { "price": 29, "unitPrice": 290, "unit": "kg", "qty": 0.1 }
  },
  {
    "title": "Vår Beste Skinke",
    "subtitle": "100 g",
    "category": { "sub": "Kjøtt- og kyllingpålegg", "parent": "Pålegg" },
    "price": { "price": 32.5, "unitPrice": 325, "unit": "kg", "qty": 0.1 }
  },
  {
    "title": "Roastbeef",
    "subtitle": "100 g",
    "category": { "sub": "Kjøtt- og kyllingpålegg", "parent": "Pålegg" },
    "price": { "price": 29, "unitPrice": 290, "unit": "kg", "qty": 0.1 }
  },
  {
    "title": "Skinkestek",
    "subtitle": "100 g",
    "category": { "sub": "Kjøtt- og kyllingpålegg", "parent": "Pålegg" },
    "price": { "price": 32.8, "unitPrice": 328, "unit": "kg", "qty": 0.1 }
  },
  {
    "title": "Roastbiff",
    "subtitle": "100 g",
    "category": { "sub": "Kjøtt- og kyllingpålegg", "parent": "Pålegg" },
    "price": { "price": 43.8, "unitPrice": 438, "unit": "kg", "qty": 0.1 }
  },
  {
    "title": "Bøkerrøkt Skinke Økologisk",
    "subtitle": "100 g",
    "category": { "sub": "Kjøtt- og kyllingpålegg", "parent": "Pålegg" },
    "price": { "price": 39, "unitPrice": 390, "unit": "kg", "qty": 0.1 }
  },
  {
    "title": "Kokt Skinke Økologisk",
    "subtitle": "100 g",
    "category": { "sub": "Kjøtt- og kyllingpålegg", "parent": "Pålegg" },
    "price": { "price": 29, "unitPrice": 290, "unit": "kg", "qty": 0.1 }
  },
  {
    "title": "Roastbeef",
    "subtitle": "Grillet, 200 g",
    "category": { "sub": "Kjøtt- og kyllingpålegg", "parent": "Pålegg" },
    "price": { "price": 79.5, "unitPrice": 397.5, "unit": "kg", "qty": 0.2 }
  },
  {
    "title": "Kokt Skinke",
    "subtitle": "Håndlaget, 200 g",
    "category": { "sub": "Kjøtt- og kyllingpålegg", "parent": "Pålegg" },
    "price": { "price": 44.2, "unitPrice": 221, "unit": "kg", "qty": 0.2 }
  },
  {
    "title": "Hamburgerrygg",
    "subtitle": "200 g",
    "category": { "sub": "Kjøtt- og kyllingpålegg", "parent": "Pålegg" },
    "price": { "price": 28.5, "unitPrice": 142.5, "unit": "kg", "qty": 0.2 }
  },
  {
    "title": "Gjesteskinke",
    "subtitle": "200 g",
    "category": { "sub": "Kjøtt- og kyllingpålegg", "parent": "Pålegg" },
    "price": { "price": 22.5, "unitPrice": 112.5, "unit": "kg", "qty": 0.2 }
  },
  {
    "title": "Servelat",
    "subtitle": "200 g",
    "category": { "sub": "Kjøtt- og kyllingpålegg", "parent": "Pålegg" },
    "price": { "price": 22.5, "unitPrice": 112.5, "unit": "kg", "qty": 0.2 }
  },
  {
    "title": "Kokt Skinke",
    "subtitle": "80% Kjøtt, 500 g",
    "category": { "sub": "Kjøtt- og kyllingpålegg", "parent": "Pålegg" },
    "price": { "price": 102.1, "unitPrice": 204.2, "unit": "kg", "qty": 0.5 }
  },
  {
    "title": "Skinke Løvtynn",
    "subtitle": "110 g",
    "category": { "sub": "Kjøtt- og kyllingpålegg", "parent": "Pålegg" },
    "price": { "price": 38.4, "unitPrice": 349.09, "unit": "kg", "qty": 0.11 }
  },
  {
    "title": "Hamburgerrygg Løvtynn",
    "subtitle": "110 g",
    "category": { "sub": "Kjøtt- og kyllingpålegg", "parent": "Pålegg" },
    "price": { "price": 39.8, "unitPrice": 361.82, "unit": "kg", "qty": 0.11 }
  },
  {
    "title": "Krydderskinke Skivet",
    "subtitle": "110 g",
    "category": { "sub": "Kjøtt- og kyllingpålegg", "parent": "Pålegg" },
    "price": { "price": 32.4, "unitPrice": 294.55, "unit": "kg", "qty": 0.11 }
  },
  {
    "title": "Kokt Skinke",
    "subtitle": "150 g",
    "category": { "sub": "Kjøtt- og kyllingpålegg", "parent": "Pålegg" },
    "price": { "price": 31.8, "unitPrice": 212, "unit": "kg", "qty": 0.15 }
  },
  {
    "title": "Hamburgerrygg",
    "subtitle": "110 g",
    "category": { "sub": "Kjøtt- og kyllingpålegg", "parent": "Pålegg" },
    "price": { "price": 32.8, "unitPrice": 298.18, "unit": "kg", "qty": 0.11 }
  },
  {
    "title": "Hamburgerrygg",
    "subtitle": "150 g",
    "category": { "sub": "Kjøtt- og kyllingpålegg", "parent": "Pålegg" },
    "price": { "price": 40.4, "unitPrice": 269.33, "unit": "kg", "qty": 0.15 }
  },
  {
    "title": "Kalverullade",
    "subtitle": "110 g",
    "category": { "sub": "Kjøtt- og kyllingpålegg", "parent": "Pålegg" },
    "price": { "price": 32.8, "unitPrice": 298.18, "unit": "kg", "qty": 0.11 }
  },
  {
    "title": "Familieskinke Skivet",
    "subtitle": "150 g",
    "category": { "sub": "Kjøtt- og kyllingpålegg", "parent": "Pålegg" },
    "price": { "price": 31.9, "unitPrice": 212.67, "unit": "kg", "qty": 0.15 }
  },
  {
    "title": "Familieskinke Krydret Skivet",
    "subtitle": "150 g",
    "category": { "sub": "Kjøtt- og kyllingpålegg", "parent": "Pålegg" },
    "price": { "price": 40, "unitPrice": 266.67, "unit": "kg", "qty": 0.15 }
  },
  {
    "title": "Servelat",
    "subtitle": "150 g",
    "category": { "sub": "Kjøtt- og kyllingpålegg", "parent": "Pålegg" },
    "price": { "price": 24.7, "unitPrice": 164.67, "unit": "kg", "qty": 0.15 }
  },
  {
    "title": "Kokt Tunge Skivet",
    "subtitle": "100 g",
    "category": { "sub": "Kjøtt- og kyllingpålegg", "parent": "Pålegg" },
    "price": { "price": 30.4, "unitPrice": 304, "unit": "kg", "qty": 0.1 }
  },
  {
    "title": "Servelat",
    "subtitle": "110 g",
    "category": { "sub": "Kjøtt- og kyllingpålegg", "parent": "Pålegg" },
    "price": { "price": 14.1, "unitPrice": 128.18, "unit": "kg", "qty": 0.11 }
  },
  {
    "title": "Kokt Skinke Skivet",
    "subtitle": "110 g",
    "category": { "sub": "Kjøtt- og kyllingpålegg", "parent": "Pålegg" },
    "price": { "price": 22.3, "unitPrice": 202.73, "unit": "kg", "qty": 0.11 }
  },
  {
    "title": "Go & Mager Servelat",
    "subtitle": "100 g",
    "category": { "sub": "Kjøtt- og kyllingpålegg", "parent": "Pålegg" },
    "price": { "price": 16.8, "unitPrice": 168, "unit": "kg", "qty": 0.1 }
  },
  {
    "title": "Kokt Skinke",
    "subtitle": "100 g",
    "category": { "sub": "Kjøtt- og kyllingpålegg", "parent": "Pålegg" },
    "price": { "price": 24, "unitPrice": 240, "unit": "kg", "qty": 0.1 }
  },
  {
    "title": "Pepperskinke",
    "subtitle": "100 g",
    "category": { "sub": "Kjøtt- og kyllingpålegg", "parent": "Pålegg" },
    "price": { "price": 26.8, "unitPrice": 268, "unit": "kg", "qty": 0.1 }
  },
  {
    "title": "Løvtynn Kalkunfilet",
    "subtitle": "110 g",
    "category": { "sub": "Kjøtt- og kyllingpålegg", "parent": "Pålegg" },
    "price": { "price": 43, "unitPrice": 390.91, "unit": "kg", "qty": 0.11 }
  },
  {
    "title": "Kalkun Krydderskinke Skivet",
    "subtitle": "110 g",
    "category": { "sub": "Kjøtt- og kyllingpålegg", "parent": "Pålegg" },
    "price": { "price": 26.9, "unitPrice": 244.55, "unit": "kg", "qty": 0.11 }
  },
  {
    "title": "Kyllingfilet Røkt Bøkeflis",
    "subtitle": "80 g",
    "category": { "sub": "Kjøtt- og kyllingpålegg", "parent": "Pålegg" },
    "price": { "price": 22.9, "unitPrice": 286.25, "unit": "kg", "qty": 0.08 }
  },
  {
    "title": "Kyllingpålegg Naturell",
    "subtitle": "80 g",
    "category": { "sub": "Kjøtt- og kyllingpålegg", "parent": "Pålegg" },
    "price": { "price": 22.7, "unitPrice": 283.75, "unit": "kg", "qty": 0.08 }
  },
  {
    "title": "Kyllingfilet med Paprika",
    "subtitle": "80 g",
    "category": { "sub": "Kjøtt- og kyllingpålegg", "parent": "Pålegg" },
    "price": { "price": 23.4, "unitPrice": 292.5, "unit": "kg", "qty": 0.08 }
  },
  {
    "title": "Kyllingfilet Basilikum",
    "subtitle": "80 g",
    "category": { "sub": "Kjøtt- og kyllingpålegg", "parent": "Pålegg" },
    "price": { "price": 23.4, "unitPrice": 292.5, "unit": "kg", "qty": 0.08 }
  },
  {
    "title": "Kalkunfilet Med Grovkvernet Pepper",
    "subtitle": "110 g",
    "category": { "sub": "Kjøtt- og kyllingpålegg", "parent": "Pålegg" },
    "price": { "price": 34.4, "unitPrice": 312.73, "unit": "kg", "qty": 0.11 }
  },
  {
    "title": "Kalkunfilet Naturell",
    "subtitle": "110 g",
    "category": { "sub": "Kjøtt- og kyllingpålegg", "parent": "Pålegg" },
    "price": { "price": 35.2, "unitPrice": 320, "unit": "kg", "qty": 0.11 }
  },
  {
    "title": "Kalkunfilet Røkt Skivet",
    "subtitle": "110 g",
    "category": { "sub": "Kjøtt- og kyllingpålegg", "parent": "Pålegg" },
    "price": { "price": 32.7, "unitPrice": 297.27, "unit": "kg", "qty": 0.11 }
  },
  {
    "title": "Vegetarpålegg Jalapeno",
    "subtitle": "80 g",
    "category": { "sub": "Kjøtt- og kyllingpålegg", "parent": "Pålegg" },
    "price": { "price": 29.5, "unitPrice": 368.75, "unit": "kg", "qty": 0.08 }
  },
  {
    "title": "Vegetarpålegg Naturell",
    "subtitle": "80 g",
    "category": { "sub": "Kjøtt- og kyllingpålegg", "parent": "Pålegg" },
    "price": { "price": 29.5, "unitPrice": 368.75, "unit": "kg", "qty": 0.08 }
  },
  {
    "title": "Vegetarpålegg Pepper",
    "subtitle": "80 g",
    "category": { "sub": "Kjøtt- og kyllingpålegg", "parent": "Pålegg" },
    "price": { "price": 29.5, "unitPrice": 368.75, "unit": "kg", "qty": 0.08 }
  },
  {
    "title": "Okserull",
    "subtitle": "100 g",
    "category": { "sub": "Kjøtt- og kyllingpålegg", "parent": "Pålegg" },
    "price": { "price": 33.7, "unitPrice": 337, "unit": "kg", "qty": 0.1 }
  },
  {
    "title": "Sylte Oppskåret",
    "subtitle": "100 g",
    "category": { "sub": "Kjøtt- og kyllingpålegg", "parent": "Pålegg" },
    "price": { "price": 31.6, "unitPrice": 316, "unit": "kg", "qty": 0.1 }
  },
  {
    "title": "Tungerull Oppskåret",
    "subtitle": "100 g",
    "category": { "sub": "Kjøtt- og kyllingpålegg", "parent": "Pålegg" },
    "price": { "price": 50.4, "unitPrice": 504, "unit": "kg", "qty": 0.1 }
  },
  {
    "title": "Falukorv",
    "subtitle": "400 g",
    "category": { "sub": "Kjøtt- og kyllingpålegg", "parent": "Pålegg" },
    "price": { "price": 48.4, "unitPrice": 121, "unit": "kg", "qty": 0.4 }
  },
  {
    "title": "Falukorv Snabb",
    "subtitle": "400 g",
    "category": { "sub": "Kjøtt- og kyllingpålegg", "parent": "Pålegg" },
    "price": { "price": 58.9, "unitPrice": 147.25, "unit": "kg", "qty": 0.4 }
  },
  {
    "title": "Kalkunkorv",
    "subtitle": "450 g",
    "category": { "sub": "Kjøtt- og kyllingpålegg", "parent": "Pålegg" },
    "price": { "price": 43.8, "unitPrice": 97.33, "unit": "kg", "qty": 0.45 }
  },
  {
    "title": "Kyllingkorv",
    "subtitle": "300 g",
    "category": { "sub": "Kjøtt- og kyllingpålegg", "parent": "Pålegg" },
    "price": { "price": 27.4, "unitPrice": 91.33, "unit": "kg", "qty": 0.3 }
  },
  {
    "title": "Hola Serrano",
    "subtitle": "240 g",
    "category": { "sub": "Spekemat og salami", "parent": "Pålegg" },
    "price": { "price": 82.5, "unitPrice": 343.75, "unit": "kg", "qty": 0.24 }
  },
  {
    "title": "Salami Siliana Skivet",
    "subtitle": "130 g",
    "category": { "sub": "Spekemat og salami", "parent": "Pålegg" },
    "price": { "price": 41.4, "unitPrice": 318.46, "unit": "kg", "qty": 0.13 }
  },
  {
    "title": "Salami",
    "subtitle": "Skivet, 200 g",
    "category": { "sub": "Spekemat og salami", "parent": "Pålegg" },
    "price": { "price": 55.2, "unitPrice": 276, "unit": "kg", "qty": 0.2 }
  },
  {
    "title": "Jubelsalami",
    "subtitle": "100 g",
    "category": { "sub": "Spekemat og salami", "parent": "Pålegg" },
    "price": { "price": 34.4, "unitPrice": 344, "unit": "kg", "qty": 0.1 }
  },
  {
    "title": "Nistesalami",
    "subtitle": "130 g",
    "category": { "sub": "Spekemat og salami", "parent": "Pålegg" },
    "price": { "price": 43, "unitPrice": 330.77, "unit": "kg", "qty": 0.13 }
  },
  {
    "title": "Gullsalami",
    "subtitle": "80 g",
    "category": { "sub": "Spekemat og salami", "parent": "Pålegg" },
    "price": { "price": 32.6, "unitPrice": 407.5, "unit": "kg", "qty": 0.08 }
  },
  {
    "title": "Gullsalami",
    "subtitle": "150 g",
    "category": { "sub": "Spekemat og salami", "parent": "Pålegg" },
    "price": { "price": 41.6, "unitPrice": 277.33, "unit": "kg", "qty": 0.15 }
  },
  {
    "title": "Jubelsalami Med Pepper",
    "subtitle": "100 g",
    "category": { "sub": "Spekemat og salami", "parent": "Pålegg" },
    "price": { "price": 36.9, "unitPrice": 369, "unit": "kg", "qty": 0.1 }
  },
  {
    "title": "Jubelsalami",
    "subtitle": "170 g",
    "category": { "sub": "Spekemat og salami", "parent": "Pålegg" },
    "price": { "price": 47, "unitPrice": 276.47, "unit": "kg", "qty": 0.17 }
  },
  {
    "title": "Supersalami",
    "subtitle": "100 g",
    "category": { "sub": "Spekemat og salami", "parent": "Pålegg" },
    "price": { "price": 43.8, "unitPrice": 438, "unit": "kg", "qty": 0.1 }
  },
  {
    "title": "Salami Go Og Mager",
    "subtitle": "130 g",
    "category": { "sub": "Spekemat og salami", "parent": "Pålegg" },
    "price": { "price": 35.8, "unitPrice": 275.38, "unit": "kg", "qty": 0.13 }
  },
  {
    "title": "Jubelsalami",
    "subtitle": "135 g",
    "category": { "sub": "Spekemat og salami", "parent": "Pålegg" },
    "price": { "price": 38.7, "unitPrice": 286.67, "unit": "kg", "qty": 0.13 }
  },
  {
    "title": "Trønderfår",
    "subtitle": "210 g",
    "category": { "sub": "Spekemat og salami", "parent": "Pålegg" },
    "price": { "price": 72.4, "unitPrice": 344.76, "unit": "kg", "qty": 0.21 }
  },
  {
    "title": "Nistesalami",
    "subtitle": "Bordpakning, 250 g",
    "category": { "sub": "Spekemat og salami", "parent": "Pålegg" },
    "price": { "price": 47.1, "unitPrice": 188.4, "unit": "kg", "qty": 0.25 }
  },
  {
    "title": "Trønderfår",
    "subtitle": "170 g",
    "category": { "sub": "Spekemat og salami", "parent": "Pålegg" },
    "price": { "price": 56.8, "unitPrice": 334.12, "unit": "kg", "qty": 0.17 }
  },
  {
    "title": "Trønderfår",
    "subtitle": "100 g",
    "category": { "sub": "Spekemat og salami", "parent": "Pålegg" },
    "price": { "price": 38.8, "unitPrice": 388, "unit": "kg", "qty": 0.1 }
  },
  {
    "title": "Fårepølse",
    "subtitle": "91 g",
    "category": { "sub": "Spekemat og salami", "parent": "Pålegg" },
    "price": { "price": 36.1, "unitPrice": 396.7, "unit": "kg", "qty": 0.09 }
  },
  {
    "title": "Favorittsalami Skivet",
    "subtitle": "150 g",
    "category": { "sub": "Spekemat og salami", "parent": "Pålegg" },
    "price": { "price": 40.7, "unitPrice": 271.33, "unit": "kg", "qty": 0.15 }
  },
  {
    "title": "Salami",
    "subtitle": "150 g",
    "category": { "sub": "Spekemat og salami", "parent": "Pålegg" },
    "price": { "price": 42.6, "unitPrice": 284, "unit": "kg", "qty": 0.15 }
  },
  {
    "title": "Kryddersalami",
    "subtitle": "150 g",
    "category": { "sub": "Spekemat og salami", "parent": "Pålegg" },
    "price": { "price": 53.3, "unitPrice": 355.33, "unit": "kg", "qty": 0.15 }
  },
  {
    "title": "Fårepølse",
    "subtitle": "150 g",
    "category": { "sub": "Spekemat og salami", "parent": "Pålegg" },
    "price": { "price": 37.3, "unitPrice": 248.67, "unit": "kg", "qty": 0.15 }
  },
  {
    "title": "Italiana Salami",
    "subtitle": "130 g",
    "category": { "sub": "Spekemat og salami", "parent": "Pålegg" },
    "price": { "price": 41.4, "unitPrice": 318.46, "unit": "kg", "qty": 0.13 }
  },
  {
    "title": "Dansk Salami Skivet",
    "subtitle": "250 g",
    "category": { "sub": "Spekemat og salami", "parent": "Pålegg" },
    "price": { "price": 34.7, "unitPrice": 138.8, "unit": "kg", "qty": 0.25 }
  },
  {
    "title": "Salami",
    "subtitle": "Halal, 100 g",
    "category": { "sub": "Spekemat og salami", "parent": "Pålegg" },
    "price": { "price": 45.7, "unitPrice": 457, "unit": "kg", "qty": 0.1 }
  },
  {
    "title": "Strandaskinke",
    "subtitle": "70 g",
    "category": { "sub": "Spekemat og salami", "parent": "Pålegg" },
    "price": { "price": 32.8, "unitPrice": 468.57, "unit": "kg", "qty": 0.07 }
  },
  {
    "title": "Strynskinke",
    "subtitle": "150 g",
    "category": { "sub": "Spekemat og salami", "parent": "Pålegg" },
    "price": { "price": 48.7, "unitPrice": 324.67, "unit": "kg", "qty": 0.15 }
  },
  {
    "title": "Parmaskinke",
    "subtitle": "200 g",
    "category": { "sub": "Spekemat og salami", "parent": "Pålegg" },
    "price": { "price": 164.9, "unitPrice": 824.5, "unit": "kg", "qty": 0.2 }
  },
  {
    "title": "Fenalår",
    "subtitle": "200 g",
    "category": { "sub": "Spekemat og salami", "parent": "Pålegg" },
    "price": { "price": 131.5, "unitPrice": 657.5, "unit": "kg", "qty": 0.2 }
  },
  {
    "title": "Fjordskinke",
    "subtitle": "300 g",
    "category": { "sub": "Spekemat og salami", "parent": "Pålegg" },
    "price": { "price": 108.9, "unitPrice": 363, "unit": "kg", "qty": 0.3 }
  },
  {
    "title": "Spekeskinke fra Tynset",
    "subtitle": "250 g",
    "category": { "sub": "Spekemat og salami", "parent": "Pålegg" },
    "price": { "price": 65.2, "unitPrice": 260.8, "unit": "kg", "qty": 0.25 }
  },
  {
    "title": "Spekeskinke Bit uten Ben Røkt",
    "subtitle": "Røkt, 1,2 kg",
    "category": { "sub": "Spekemat og salami", "parent": "Pålegg" },
    "price": { "price": 302.3, "unitPrice": 251.92, "unit": "kg", "qty": 1.2 }
  },
  {
    "title": "Mørpølse Oppskåret",
    "subtitle": "150 g",
    "category": { "sub": "Spekemat og salami", "parent": "Pålegg" },
    "price": { "price": 37, "unitPrice": 246.67, "unit": "kg", "qty": 0.15 }
  },
  {
    "title": "Strandamør Snacks",
    "subtitle": "120 g",
    "category": { "sub": "Spekemat og salami", "parent": "Pålegg" },
    "price": { "price": 32.8, "unitPrice": 273.33, "unit": "kg", "qty": 0.12 }
  },
  {
    "title": "Sognemorr",
    "subtitle": "Skivet, 130 g",
    "category": { "sub": "Spekemat og salami", "parent": "Pålegg" },
    "price": { "price": 35.2, "unitPrice": 270.77, "unit": "kg", "qty": 0.13 }
  },
  {
    "title": "Pepperoni Skivet",
    "subtitle": "130 g",
    "category": { "sub": "Spekemat og salami", "parent": "Pålegg" },
    "price": { "price": 42.7, "unitPrice": 328.46, "unit": "kg", "qty": 0.13 }
  },
  {
    "title": "Pepperoni",
    "subtitle": "100 g",
    "category": { "sub": "Spekemat og salami", "parent": "Pålegg" },
    "price": { "price": 32.8, "unitPrice": 328, "unit": "kg", "qty": 0.1 }
  },
  {
    "title": "Chorizo",
    "subtitle": "100 g",
    "category": { "sub": "Spekemat og salami", "parent": "Pålegg" },
    "price": { "price": 32.8, "unitPrice": 328, "unit": "kg", "qty": 0.1 }
  },
  {
    "title": "Chorizo Extra Spekepølse",
    "subtitle": "60 g",
    "category": { "sub": "Spekemat og salami", "parent": "Pålegg" },
    "price": { "price": 21.8, "unitPrice": 363.33, "unit": "kg", "qty": 0.06 }
  },
  {
    "title": "Spansk Salami Spekepølse",
    "subtitle": "60 g",
    "category": { "sub": "Spekemat og salami", "parent": "Pålegg" },
    "price": { "price": 20, "unitPrice": 333.33, "unit": "kg", "qty": 0.06 }
  },
  {
    "title": "Chorizo Sarta",
    "subtitle": "225 g",
    "category": { "sub": "Spekemat og salami", "parent": "Pålegg" },
    "price": { "price": 57.2, "unitPrice": 254.22, "unit": "kg", "qty": 0.23 }
  },
  {
    "title": "Serrano Gran Reserva",
    "subtitle": "80 g",
    "category": { "sub": "Spekemat og salami", "parent": "Pålegg" },
    "price": { "price": 39, "unitPrice": 487.5, "unit": "kg", "qty": 0.08 }
  },
  {
    "title": "Strandaskinke",
    "subtitle": "135 g",
    "category": { "sub": "Spekemat og salami", "parent": "Pålegg" },
    "price": { "price": 61.7, "unitPrice": 457.04, "unit": "kg", "qty": 0.13 }
  },
  {
    "title": "Fenalår",
    "subtitle": "100 g",
    "category": { "sub": "Spekemat og salami", "parent": "Pålegg" },
    "price": { "price": 54, "unitPrice": 540, "unit": "kg", "qty": 0.1 }
  },
  {
    "title": "Haugpølse Skivet",
    "subtitle": "150 g",
    "category": { "sub": "Spekemat og salami", "parent": "Pålegg" },
    "price": { "price": 54, "unitPrice": 360, "unit": "kg", "qty": 0.15 }
  },
  {
    "title": "Svartpølse",
    "subtitle": "100 g",
    "category": { "sub": "Spekemat og salami", "parent": "Pålegg" },
    "price": { "price": 34.8, "unitPrice": 348, "unit": "kg", "qty": 0.1 }
  },
  {
    "title": "Dansk Salami",
    "subtitle": "150 g",
    "category": { "sub": "Spekemat og salami", "parent": "Pålegg" },
    "price": { "price": 14, "unitPrice": 93.33, "unit": "kg", "qty": 0.15 }
  },
  {
    "title": "Vellagra Coppaskinke",
    "subtitle": "100 g",
    "category": { "sub": "Spekemat og salami", "parent": "Pålegg" },
    "price": { "price": 59.8, "unitPrice": 598, "unit": "kg", "qty": 0.1 }
  },
  {
    "title": "Salchichon Spekepølse",
    "subtitle": "225 g",
    "category": { "sub": "Spekemat og salami", "parent": "Pålegg" },
    "price": { "price": 69, "unitPrice": 306.67, "unit": "kg", "qty": 0.22 }
  },
  {
    "title": "Fuet Spekepølse",
    "subtitle": "175 g",
    "category": { "sub": "Spekemat og salami", "parent": "Pålegg" },
    "price": { "price": 62.4, "unitPrice": 356.57, "unit": "kg", "qty": 0.18 }
  },
  {
    "title": "Salami",
    "subtitle": "Stablepakke, 250 g",
    "category": { "sub": "Spekemat og salami", "parent": "Pålegg" },
    "price": { "price": 39.9, "unitPrice": 159.6, "unit": "kg", "qty": 0.25 }
  },
  {
    "title": "Spekeskinke Smårett",
    "subtitle": "150 g",
    "category": { "sub": "Spekemat og salami", "parent": "Pålegg" },
    "price": { "price": 18.7, "unitPrice": 124.67, "unit": "kg", "qty": 0.15 }
  },
  {
    "title": "Chorizo Topping",
    "subtitle": "80 g",
    "category": { "sub": "Spekemat og salami", "parent": "Pålegg" },
    "price": { "price": 20, "unitPrice": 250, "unit": "kg", "qty": 0.08 }
  },
  {
    "title": "Pepperoni Topping",
    "subtitle": "Taste Lab, 80 g",
    "category": { "sub": "Spekemat og salami", "parent": "Pålegg" },
    "price": { "price": 20, "unitPrice": 250, "unit": "kg", "qty": 0.08 }
  },
  {
    "title": "Hel Rødvinsnabb",
    "subtitle": "220 g",
    "category": { "sub": "Spekemat og salami", "parent": "Pålegg" },
    "price": { "price": 69.8, "unitPrice": 317.27, "unit": "kg", "qty": 0.22 }
  },
  {
    "title": "Chorizo Hel 220g",
    "subtitle": "0,22 kg",
    "category": { "sub": "Spekemat og salami", "parent": "Pålegg" },
    "price": { "price": 68.8, "unitPrice": 312.73, "unit": "kg", "qty": 0.22 }
  },
  {
    "title": "Fenalår Fra Tynset Skivet",
    "subtitle": "60 g",
    "category": { "sub": "Spekemat og salami", "parent": "Pålegg" },
    "price": { "price": 43.2, "unitPrice": 720, "unit": "kg", "qty": 0.06 }
  },
  {
    "title": "Pepper Snack",
    "subtitle": "40 g",
    "category": { "sub": "Spekemat og salami", "parent": "Pålegg" },
    "price": { "price": 25, "unitPrice": 625, "unit": "kg", "qty": 0.04 }
  },
  {
    "title": "Chili Snack",
    "subtitle": "40 g",
    "category": { "sub": "Spekemat og salami", "parent": "Pålegg" },
    "price": { "price": 25, "unitPrice": 625, "unit": "kg", "qty": 0.04 }
  },
  {
    "title": "Salami Med Fennikel",
    "subtitle": "60 g",
    "category": { "sub": "Spekemat og salami", "parent": "Pålegg" },
    "price": { "price": 39, "unitPrice": 650, "unit": "kg", "qty": 0.06 }
  },
  {
    "title": "Salami Toscana Speket",
    "subtitle": "60 g",
    "category": { "sub": "Spekemat og salami", "parent": "Pålegg" },
    "price": { "price": 39, "unitPrice": 650, "unit": "kg", "qty": 0.06 }
  },
  {
    "title": "Chorizo",
    "subtitle": "Skivet, 130 g",
    "category": { "sub": "Spekemat og salami", "parent": "Pålegg" },
    "price": { "price": 40.1, "unitPrice": 308.46, "unit": "kg", "qty": 0.13 }
  },
  {
    "title": "Chorizo Extra",
    "subtitle": "225 g",
    "category": { "sub": "Spekemat og salami", "parent": "Pålegg" },
    "price": { "price": 79.5, "unitPrice": 353.33, "unit": "kg", "qty": 0.23 }
  },
  {
    "title": "Helgeroasalami",
    "subtitle": "140 g",
    "category": { "sub": "Spekemat og salami", "parent": "Pålegg" },
    "price": { "price": 49.8, "unitPrice": 355.71, "unit": "kg", "qty": 0.14 }
  },
  {
    "title": "Helgeroa Salami",
    "subtitle": "Hel, 380 g",
    "category": { "sub": "Spekemat og salami", "parent": "Pålegg" },
    "price": { "price": 100.2, "unitPrice": 263.68, "unit": "kg", "qty": 0.38 }
  },
  {
    "title": "Peppes Pepperoni",
    "subtitle": "70 g",
    "category": { "sub": "Spekemat og salami", "parent": "Pålegg" },
    "price": { "price": 21.6, "unitPrice": 308.57, "unit": "kg", "qty": 0.07 }
  },
  {
    "title": "Rødvinsalami",
    "subtitle": "100 g",
    "category": { "sub": "Spekemat og salami", "parent": "Pålegg" },
    "price": { "price": 43.8, "unitPrice": 438, "unit": "kg", "qty": 0.1 }
  },
  {
    "title": "Salami",
    "subtitle": "Oppskåret, 500 g",
    "category": { "sub": "Spekemat og salami", "parent": "Pålegg" },
    "price": { "price": 112.5, "unitPrice": 225, "unit": "kg", "qty": 0.5 }
  },
  {
    "title": "Salami Ventricina Picante",
    "subtitle": "70 g",
    "category": { "sub": "Spekemat og salami", "parent": "Pålegg" },
    "price": { "price": 62.2, "unitPrice": 888.57, "unit": "kg", "qty": 0.07 }
  },
  {
    "title": "Salami Med Parmesan",
    "subtitle": "100 g",
    "category": { "sub": "Spekemat og salami", "parent": "Pålegg" },
    "price": { "price": 43.9, "unitPrice": 439, "unit": "kg", "qty": 0.1 }
  },
  {
    "title": "Serrano Gran Reserva",
    "subtitle": "200 g",
    "category": { "sub": "Spekemat og salami", "parent": "Pålegg" },
    "price": { "price": 89, "unitPrice": 445, "unit": "kg", "qty": 0.2 }
  },
  {
    "title": "Spekeskinke Fra Tynset",
    "subtitle": "80 g",
    "category": { "sub": "Spekemat og salami", "parent": "Pålegg" },
    "price": { "price": 29, "unitPrice": 362.5, "unit": "kg", "qty": 0.08 }
  },
  {
    "title": "Chorizo Spicy",
    "subtitle": "Spania, 225 g",
    "category": { "sub": "Spekemat og salami", "parent": "Pålegg" },
    "price": { "price": 118.9, "unitPrice": 528.44, "unit": "kg", "qty": 0.23 }
  },
  {
    "title": "Dansk Grov Leverpostei",
    "subtitle": "190 g",
    "category": { "sub": "Leverpostei", "parent": "Pålegg" },
    "price": { "price": 28.5, "unitPrice": 150, "unit": "kg", "qty": 0.19 }
  },
  {
    "title": "Leverpostei Ovnsbakt",
    "subtitle": "185 g",
    "category": { "sub": "Leverpostei", "parent": "Pålegg" },
    "price": { "price": 21.8, "unitPrice": 117.84, "unit": "kg", "qty": 0.18 }
  },
  {
    "title": "Ovnsbakt Postei",
    "subtitle": "185 g",
    "category": { "sub": "Leverpostei", "parent": "Pålegg" },
    "price": { "price": 27.8, "unitPrice": 150.27, "unit": "kg", "qty": 0.19 }
  },
  {
    "title": "Vita Hjertego´ Grønnsakspostei",
    "subtitle": "175 g",
    "category": { "sub": "Leverpostei", "parent": "Pålegg" },
    "price": { "price": 29.8, "unitPrice": 170.29, "unit": "kg", "qty": 0.17 }
  },
  {
    "title": "Baconpostei",
    "subtitle": "185 g",
    "category": { "sub": "Leverpostei", "parent": "Pålegg" },
    "price": { "price": 30.8, "unitPrice": 166.49, "unit": "kg", "qty": 0.18 }
  },
  {
    "title": "Pepperbaconpostei",
    "subtitle": "185 g",
    "category": { "sub": "Leverpostei", "parent": "Pålegg" },
    "price": { "price": 33.4, "unitPrice": 180.54, "unit": "kg", "qty": 0.19 }
  },
  {
    "title": "Pepper & Baconpostei",
    "subtitle": "190 g",
    "category": { "sub": "Leverpostei", "parent": "Pålegg" },
    "price": { "price": 28.5, "unitPrice": 150, "unit": "kg", "qty": 0.19 }
  },
  {
    "title": "Ovnsbakt Leverpostei",
    "subtitle": "200 g",
    "category": { "sub": "Leverpostei", "parent": "Pålegg" },
    "price": { "price": 30.5, "unitPrice": 152.5, "unit": "kg", "qty": 0.2 }
  },
  {
    "title": "Ovnsbakt Leverpostei",
    "subtitle": "Original, 190 g",
    "category": { "sub": "Leverpostei", "parent": "Pålegg" },
    "price": { "price": 30.7, "unitPrice": 161.58, "unit": "kg", "qty": 0.19 }
  },
  {
    "title": "Leverpostei Ovnsbakt",
    "subtitle": "Go Og Mager, 180 g",
    "category": { "sub": "Leverpostei", "parent": "Pålegg" },
    "price": { "price": 26, "unitPrice": 144.44, "unit": "kg", "qty": 0.18 }
  },
  {
    "title": "Leverpostei Grovere Fersk",
    "subtitle": "150 g",
    "category": { "sub": "Leverpostei", "parent": "Pålegg" },
    "price": { "price": 40.9, "unitPrice": 272.67, "unit": "kg", "qty": 0.15 }
  },
  {
    "title": "Leverpostei Glutenfri",
    "subtitle": "Fersk, 150 g",
    "category": { "sub": "Leverpostei", "parent": "Pålegg" },
    "price": { "price": 41.1, "unitPrice": 274, "unit": "kg", "qty": 0.15 }
  },
  {
    "title": "Leverpostei",
    "subtitle": "100 g",
    "category": { "sub": "Leverpostei", "parent": "Pålegg" },
    "price": { "price": 9.4, "unitPrice": 94, "unit": "kg", "qty": 0.1 }
  },
  {
    "title": "Leverpostei Porsjon",
    "subtitle": "Porsjon 6x22g, 132 g",
    "category": { "sub": "Leverpostei", "parent": "Pålegg" },
    "price": { "price": 27.8, "unitPrice": 210.61, "unit": "kg", "qty": 0.13 }
  },
  {
    "title": "Stabburet Leverpostei Glutenfri",
    "subtitle": "6 x 22g, 132 g",
    "category": { "sub": "Leverpostei", "parent": "Pålegg" },
    "price": { "price": 35.8, "unitPrice": 271.21, "unit": "kg", "qty": 0.13 }
  },
  {
    "title": "Leverpostei",
    "subtitle": "Fin&Fersk, 150 g",
    "category": { "sub": "Leverpostei", "parent": "Pålegg" },
    "price": { "price": 14.8, "unitPrice": 98.67, "unit": "kg", "qty": 0.15 }
  },
  {
    "title": "Kyllingpostei",
    "subtitle": "100 g",
    "category": { "sub": "Leverpostei", "parent": "Pålegg" },
    "price": { "price": 13.1, "unitPrice": 131, "unit": "kg", "qty": 0.1 }
  },
  {
    "title": "Leverpostei Glutenfri",
    "subtitle": "100 g",
    "category": { "sub": "Leverpostei", "parent": "Pålegg" },
    "price": { "price": 15.1, "unitPrice": 151, "unit": "kg", "qty": 0.1 }
  },
  {
    "title": "Leverpostei",
    "subtitle": "200 g",
    "category": { "sub": "Leverpostei", "parent": "Pålegg" },
    "price": { "price": 14.2, "unitPrice": 71, "unit": "kg", "qty": 0.2 }
  },
  {
    "title": "Gullpostei",
    "subtitle": "240 g",
    "category": { "sub": "Leverpostei", "parent": "Pålegg" },
    "price": { "price": 28.8, "unitPrice": 120, "unit": "kg", "qty": 0.24 }
  },
  {
    "title": "Paté Hvitløk Ovnsbakt",
    "subtitle": "240 g",
    "category": { "sub": "Leverpostei", "parent": "Pålegg" },
    "price": { "price": 34.4, "unitPrice": 143.33, "unit": "kg", "qty": 0.24 }
  },
  {
    "title": "Paté Pepper Ovnsbakt",
    "subtitle": "240 g",
    "category": { "sub": "Leverpostei", "parent": "Pålegg" },
    "price": { "price": 32.8, "unitPrice": 136.67, "unit": "kg", "qty": 0.24 }
  },
  {
    "title": "Grov Ovnsbakt Leverpostei",
    "subtitle": "400 g",
    "category": { "sub": "Leverpostei", "parent": "Pålegg" },
    "price": { "price": 38.4, "unitPrice": 96, "unit": "kg", "qty": 0.4 }
  },
  {
    "title": "Grønn Pepperpatè 400 g",
    "subtitle": "400 g",
    "category": { "sub": "Leverpostei", "parent": "Pålegg" },
    "price": { "price": 108.4, "unitPrice": 271, "unit": "kg", "qty": 0.4 }
  },
  {
    "title": "Grønn Pepperpatè",
    "subtitle": "150 g",
    "category": { "sub": "Leverpostei", "parent": "Pålegg" },
    "price": { "price": 43.5, "unitPrice": 290, "unit": "kg", "qty": 0.15 }
  },
  {
    "title": "Hvitløkspatè",
    "subtitle": "150 g",
    "category": { "sub": "Leverpostei", "parent": "Pålegg" },
    "price": { "price": 47, "unitPrice": 313.33, "unit": "kg", "qty": 0.15 }
  },
  {
    "title": "Landpatè",
    "subtitle": "150 g",
    "category": { "sub": "Leverpostei", "parent": "Pålegg" },
    "price": { "price": 47, "unitPrice": 313.33, "unit": "kg", "qty": 0.15 }
  },
  {
    "title": "Svolværpostei",
    "subtitle": "100 g",
    "category": { "sub": "Leverpostei", "parent": "Pålegg" },
    "price": { "price": 23.4, "unitPrice": 234, "unit": "kg", "qty": 0.1 }
  },
  {
    "title": "Leverpostei",
    "subtitle": "185 g",
    "category": { "sub": "Leverpostei", "parent": "Pålegg" },
    "price": { "price": 14.5, "unitPrice": 78.38, "unit": "kg", "qty": 0.18 }
  },
  {
    "title": "Ridderheims Vegetarpostei",
    "subtitle": "Med Steinsopp, 200 g",
    "category": { "sub": "Leverpostei", "parent": "Pålegg" },
    "price": { "price": 39.8, "unitPrice": 199, "unit": "kg", "qty": 0.2 }
  },
  {
    "title": "Kreolsk Kyllingsalat",
    "subtitle": "200 g",
    "category": { "sub": "Salatpålegg", "parent": "Pålegg" },
    "price": { "price": 29.2, "unitPrice": 146, "unit": "kg", "qty": 0.2 }
  },
  {
    "title": "Krepsesalat med Chili",
    "subtitle": "180 g",
    "category": { "sub": "Salatpålegg", "parent": "Pålegg" },
    "price": { "price": 29.7, "unitPrice": 165, "unit": "kg", "qty": 0.18 }
  },
  {
    "title": "Italiensk Salat Med Kjøtt",
    "subtitle": "180 g",
    "category": { "sub": "Salatpålegg", "parent": "Pålegg" },
    "price": { "price": 15.8, "unitPrice": 87.78, "unit": "kg", "qty": 0.18 }
  },
  {
    "title": "Reker I Mills Majones",
    "subtitle": "180 g",
    "category": { "sub": "Salatpålegg", "parent": "Pålegg" },
    "price": { "price": 40.9, "unitPrice": 227.22, "unit": "kg", "qty": 0.18 }
  },
  {
    "title": "Italiensk Salat",
    "subtitle": "320 g",
    "category": { "sub": "Salatpålegg", "parent": "Pålegg" },
    "price": { "price": 27, "unitPrice": 84.38, "unit": "kg", "qty": 0.32 }
  },
  {
    "title": "Waldorfsalat",
    "subtitle": "350 g",
    "category": { "sub": "Salatpålegg", "parent": "Pålegg" },
    "price": { "price": 29.4, "unitPrice": 84, "unit": "kg", "qty": 0.35 }
  },
  {
    "title": "Karrikyllingsalat",
    "subtitle": "200 g",
    "category": { "sub": "Salatpålegg", "parent": "Pålegg" },
    "price": { "price": 34.9, "unitPrice": 174.5, "unit": "kg", "qty": 0.2 }
  },
  {
    "title": "Kyllingsalat",
    "subtitle": "200 g",
    "category": { "sub": "Salatpålegg", "parent": "Pålegg" },
    "price": { "price": 31.4, "unitPrice": 157, "unit": "kg", "qty": 0.2 }
  },
  {
    "title": "Russisk Rekesalat",
    "subtitle": "200 g",
    "category": { "sub": "Salatpålegg", "parent": "Pålegg" },
    "price": { "price": 29.8, "unitPrice": 149, "unit": "kg", "qty": 0.2 }
  },
  {
    "title": "Rødbetsalat",
    "subtitle": "200 g",
    "category": { "sub": "Salatpålegg", "parent": "Pålegg" },
    "price": { "price": 25.8, "unitPrice": 129, "unit": "kg", "qty": 0.2 }
  },
  {
    "title": "Rekesalat",
    "subtitle": "320 g",
    "category": { "sub": "Salatpålegg", "parent": "Pålegg" },
    "price": { "price": 37.7, "unitPrice": 117.81, "unit": "kg", "qty": 0.32 }
  },
  {
    "title": "Rekesalat",
    "subtitle": "200 g",
    "category": { "sub": "Salatpålegg", "parent": "Pålegg" },
    "price": { "price": 22.9, "unitPrice": 114.5, "unit": "kg", "qty": 0.2 }
  },
  {
    "title": "Italiensk Salat",
    "subtitle": "200 g",
    "category": { "sub": "Salatpålegg", "parent": "Pålegg" },
    "price": { "price": 18.1, "unitPrice": 90.5, "unit": "kg", "qty": 0.2 }
  },
  {
    "title": "Eggesalat",
    "subtitle": "200 g",
    "category": { "sub": "Salatpålegg", "parent": "Pålegg" },
    "price": { "price": 32.8, "unitPrice": 164, "unit": "kg", "qty": 0.2 }
  },
  {
    "title": "Italiensk Salat med Kjøtt",
    "subtitle": "320 g",
    "category": { "sub": "Salatpålegg", "parent": "Pålegg" },
    "price": { "price": 42.4, "unitPrice": 132.5, "unit": "kg", "qty": 0.32 }
  },
  {
    "title": "Frokostsalat",
    "subtitle": "185 g",
    "category": { "sub": "Salatpålegg", "parent": "Pålegg" },
    "price": { "price": 29.8, "unitPrice": 161.08, "unit": "kg", "qty": 0.19 }
  },
  {
    "title": "Chilikreps i Aioli",
    "subtitle": "200 g",
    "category": { "sub": "Salatpålegg", "parent": "Pålegg" },
    "price": { "price": 39.2, "unitPrice": 196, "unit": "kg", "qty": 0.2 }
  },
  {
    "title": "Crabsticksalat",
    "subtitle": "200 g",
    "category": { "sub": "Salatpålegg", "parent": "Pålegg" },
    "price": { "price": 19.1, "unitPrice": 95.5, "unit": "kg", "qty": 0.2 }
  },
  {
    "title": "Skagensalat",
    "subtitle": "200 g",
    "category": { "sub": "Salatpålegg", "parent": "Pålegg" },
    "price": { "price": 33.9, "unitPrice": 169.5, "unit": "kg", "qty": 0.2 }
  },
  {
    "title": "Italiensk Salat",
    "subtitle": "400 g",
    "category": { "sub": "Salatpålegg", "parent": "Pålegg" },
    "price": { "price": 21.6, "unitPrice": 54, "unit": "kg", "qty": 0.4 }
  },
  {
    "title": "Rekesalat",
    "subtitle": "400 g",
    "category": { "sub": "Salatpålegg", "parent": "Pålegg" },
    "price": { "price": 30.6, "unitPrice": 76.5, "unit": "kg", "qty": 0.4 }
  },
  {
    "title": "Spicy Seaspaghetti",
    "subtitle": "Knapptang, 250 ml",
    "category": { "sub": "Salatpålegg", "parent": "Pålegg" },
    "price": { "price": 129, "unitPrice": 516, "unit": "l", "qty": 0.25 }
  },
  {
    "title": "Coleslaw",
    "subtitle": "Taste Lab, 250 g",
    "category": { "sub": "Salatpålegg", "parent": "Pålegg" },
    "price": { "price": 15, "unitPrice": 60, "unit": "kg", "qty": 0.25 }
  },
  {
    "title": "Reke & Krepse Salat",
    "subtitle": "180 g",
    "category": { "sub": "Salatpålegg", "parent": "Pålegg" },
    "price": { "price": 36.9, "unitPrice": 205, "unit": "kg", "qty": 0.18 }
  },
  {
    "title": "Hummer Og Rekesalat",
    "subtitle": "180 g",
    "category": { "sub": "Salatpålegg", "parent": "Pålegg" },
    "price": { "price": 37.8, "unitPrice": 210, "unit": "kg", "qty": 0.18 }
  },
  {
    "title": "Grønnsakspålegg",
    "subtitle": "Avokado og Kikerter, 165 g",
    "category": { "sub": "Salatpålegg", "parent": "Pålegg" },
    "price": { "price": 30.8, "unitPrice": 186.67, "unit": "kg", "qty": 0.16 }
  },
  {
    "title": "Grønnsakspålegg",
    "subtitle": "Grillet Paprika og Kikerter, 165 g",
    "category": { "sub": "Salatpålegg", "parent": "Pålegg" },
    "price": { "price": 27.8, "unitPrice": 168.48, "unit": "kg", "qty": 0.17 }
  },
  {
    "title": "Plantego' Hummus",
    "subtitle": "med en hint av Cayenne, 165 g",
    "category": { "sub": "Salatpålegg", "parent": "Pålegg" },
    "price": { "price": 19.9, "unitPrice": 120.61, "unit": "kg", "qty": 0.16 }
  },
  {
    "title": "Go'vegan Smørepålegg",
    "subtitle": "150 g",
    "category": { "sub": "Salatpålegg", "parent": "Pålegg" },
    "price": { "price": 39.8, "unitPrice": 265.33, "unit": "kg", "qty": 0.15 }
  },
  {
    "title": "Vita Hjertego´ Potetsalat",
    "subtitle": "300 g",
    "category": { "sub": "Salatpålegg", "parent": "Pålegg" },
    "price": { "price": 29.1, "unitPrice": 97, "unit": "kg", "qty": 0.3 }
  },
  {
    "title": "Skagensalat",
    "subtitle": "180 g",
    "category": { "sub": "Salatpålegg", "parent": "Pålegg" },
    "price": { "price": 51.8, "unitPrice": 287.78, "unit": "kg", "qty": 0.18 }
  },
  {
    "title": "Potetsalat",
    "subtitle": "700 g",
    "category": { "sub": "Salatpålegg", "parent": "Pålegg" },
    "price": { "price": 40.4, "unitPrice": 57.71, "unit": "kg", "qty": 0.7 }
  },
  {
    "title": "Vita Hjertego´ Italiensk Salat",
    "subtitle": "180 g",
    "category": { "sub": "Salatpålegg", "parent": "Pålegg" },
    "price": { "price": 19.8, "unitPrice": 110, "unit": "kg", "qty": 0.18 }
  },
  {
    "title": "Vita Hjertego´ Rødbetsalat",
    "subtitle": "180 g",
    "category": { "sub": "Salatpålegg", "parent": "Pålegg" },
    "price": { "price": 24.8, "unitPrice": 137.78, "unit": "kg", "qty": 0.18 }
  },
  {
    "title": "Skagenrøre",
    "subtitle": "Med Creme Fraiche & Lodderogn, 180 g",
    "category": { "sub": "Salatpålegg", "parent": "Pålegg" },
    "price": { "price": 43.9, "unitPrice": 243.89, "unit": "kg", "qty": 0.18 }
  },
  {
    "title": "Stabbur-makrell",
    "subtitle": "På Tube, 185 g",
    "category": { "sub": "Fiskepålegg", "parent": "Pålegg" },
    "price": { "price": 32.8, "unitPrice": 177.3, "unit": "kg", "qty": 0.18 }
  },
  {
    "title": "Peppermakrell i olje",
    "subtitle": "80 g",
    "category": { "sub": "Fiskepålegg", "parent": "Pålegg" },
    "price": { "price": 37.1, "unitPrice": 463.75, "unit": "kg", "qty": 0.08 }
  },
  {
    "title": "Stabbur-Makrell Hakket Filet",
    "subtitle": "110 g",
    "category": { "sub": "Fiskepålegg", "parent": "Pålegg" },
    "price": { "price": 18.9, "unitPrice": 171.82, "unit": "kg", "qty": 0.11 }
  },
  {
    "title": "Varmrøkt Pepperlaks",
    "subtitle": "ca. 280 g",
    "category": { "sub": "Fiskepålegg", "parent": "Pålegg" },
    "price": { "price": 85.7, "unitPrice": 306.07, "unit": "kg", "qty": 0.28 }
  },
  {
    "title": "Røkt Ørret Skivet",
    "subtitle": "350 g",
    "category": { "sub": "Fiskepålegg", "parent": "Pålegg" },
    "price": { "price": 129, "unitPrice": 368.57, "unit": "kg", "qty": 0.35 }
  },
  {
    "title": "Stabbur-Makrell I Tomat",
    "subtitle": "110 g",
    "category": { "sub": "Fiskepålegg", "parent": "Pålegg" },
    "price": { "price": 17.2, "unitPrice": 156.36, "unit": "kg", "qty": 0.11 }
  },
  {
    "title": "Makrell i tomat",
    "subtitle": "170 g",
    "category": { "sub": "Fiskepålegg", "parent": "Pålegg" },
    "price": { "price": 14.9, "unitPrice": 87.65, "unit": "kg", "qty": 0.17 }
  },
  {
    "title": "Stabbur-Makrell",
    "subtitle": "Porsjon 6x22g, 132 g",
    "category": { "sub": "Fiskepålegg", "parent": "Pålegg" },
    "price": { "price": 36.4, "unitPrice": 275.76, "unit": "kg", "qty": 0.13 }
  },
  {
    "title": "Laksepålegg med varmrøkt laks",
    "subtitle": "90 g",
    "category": { "sub": "Fiskepålegg", "parent": "Pålegg" },
    "price": { "price": 41.8, "unitPrice": 464.44, "unit": "kg", "qty": 0.09 }
  },
  {
    "title": "Makrell i Tomat",
    "subtitle": "90 g",
    "category": { "sub": "Fiskepålegg", "parent": "Pålegg" },
    "price": { "price": 10, "unitPrice": 111.11, "unit": "kg", "qty": 0.09 }
  },
  {
    "title": "Gaffelbiter i Sherrysaus",
    "subtitle": "50 g",
    "category": { "sub": "Fiskepålegg", "parent": "Pålegg" },
    "price": { "price": 24.4, "unitPrice": 488, "unit": "kg", "qty": 0.05 }
  },
  {
    "title": "Makrell i Tomat",
    "subtitle": "110 g",
    "category": { "sub": "Fiskepålegg", "parent": "Pålegg" },
    "price": { "price": 17.4, "unitPrice": 158.18, "unit": "kg", "qty": 0.11 }
  },
  {
    "title": "Skinnfri Makrell Chili",
    "subtitle": "110 g",
    "category": { "sub": "Fiskepålegg", "parent": "Pålegg" },
    "price": { "price": 23.2, "unitPrice": 210.91, "unit": "kg", "qty": 0.11 }
  },
  {
    "title": "Tunfisk Thai Chili",
    "subtitle": "85 g",
    "category": { "sub": "Fiskepålegg", "parent": "Pålegg" },
    "price": { "price": 15.8, "unitPrice": 185.88, "unit": "kg", "qty": 0.09 }
  },
  {
    "title": "Seifilet",
    "subtitle": "150 g",
    "category": { "sub": "Fiskepålegg", "parent": "Pålegg" },
    "price": { "price": 74.8, "unitPrice": 498.67, "unit": "kg", "qty": 0.15 }
  },
  {
    "title": "Sursild",
    "subtitle": "380 g",
    "category": { "sub": "Fiskepålegg", "parent": "Pålegg" },
    "price": { "price": 46.7, "unitPrice": 122.89, "unit": "kg", "qty": 0.38 }
  },
  {
    "title": "Tomatsild",
    "subtitle": "380 g",
    "category": { "sub": "Fiskepålegg", "parent": "Pålegg" },
    "price": { "price": 41.2, "unitPrice": 108.42, "unit": "kg", "qty": 0.38 }
  },
  {
    "title": "Peppersild",
    "subtitle": "380 g",
    "category": { "sub": "Fiskepålegg", "parent": "Pålegg" },
    "price": { "price": 47.4, "unitPrice": 124.74, "unit": "kg", "qty": 0.38 }
  },
  {
    "title": "Appetittsild",
    "subtitle": "270 g",
    "category": { "sub": "Fiskepålegg", "parent": "Pålegg" },
    "price": { "price": 37.4, "unitPrice": 138.52, "unit": "kg", "qty": 0.27 }
  },
  {
    "title": "Tunfisk med Tomat & Basilikum",
    "subtitle": "85 g",
    "category": { "sub": "Fiskepålegg", "parent": "Pålegg" },
    "price": { "price": 15.2, "unitPrice": 178.82, "unit": "kg", "qty": 0.09 }
  },
  {
    "title": "Sursild",
    "subtitle": "940 g",
    "category": { "sub": "Fiskepålegg", "parent": "Pålegg" },
    "price": { "price": 52.5, "unitPrice": 55.85, "unit": "kg", "qty": 0.94 }
  },
  {
    "title": "Sursild",
    "subtitle": "1 kg",
    "category": { "sub": "Fiskepålegg", "parent": "Pålegg" },
    "price": { "price": 21.1, "unitPrice": 21.1, "unit": "kg", "qty": 1 }
  },
  {
    "title": "Makalös Ansjosfileter",
    "subtitle": "55 g",
    "category": { "sub": "Fiskepålegg", "parent": "Pålegg" },
    "price": { "price": 27.4, "unitPrice": 498.18, "unit": "kg", "qty": 0.06 }
  },
  {
    "title": "Cocktailbiter i Dill",
    "subtitle": "55 g",
    "category": { "sub": "Fiskepålegg", "parent": "Pålegg" },
    "price": { "price": 23.8, "unitPrice": 432.73, "unit": "kg", "qty": 0.05 }
  },
  {
    "title": "Sardiner I Olje",
    "subtitle": "105 g",
    "category": { "sub": "Fiskepålegg", "parent": "Pålegg" },
    "price": { "price": 17.1, "unitPrice": 162.86, "unit": "kg", "qty": 0.1 }
  },
  {
    "title": "Sardiner I Tomatsaus",
    "subtitle": "105 g",
    "category": { "sub": "Fiskepålegg", "parent": "Pålegg" },
    "price": { "price": 17.1, "unitPrice": 162.86, "unit": "kg", "qty": 0.1 }
  },
  {
    "title": "Makrell I Tomat",
    "subtitle": "2x110g, 220 g",
    "category": { "sub": "Fiskepålegg", "parent": "Pålegg" },
    "price": { "price": 14.9, "unitPrice": 67.73, "unit": "kg", "qty": 0.22 }
  },
  {
    "title": "Gjestgiversild",
    "subtitle": "600 g",
    "category": { "sub": "Fiskepålegg", "parent": "Pålegg" },
    "price": { "price": 50.8, "unitPrice": 84.67, "unit": "kg", "qty": 0.6 }
  },
  {
    "title": "Sennepsild",
    "subtitle": "600 g",
    "category": { "sub": "Fiskepålegg", "parent": "Pålegg" },
    "price": { "price": 54.5, "unitPrice": 90.83, "unit": "kg", "qty": 0.6 }
  },
  {
    "title": "Skutesild",
    "subtitle": "600 g",
    "category": { "sub": "Fiskepålegg", "parent": "Pålegg" },
    "price": { "price": 49.8, "unitPrice": 83, "unit": "kg", "qty": 0.6 }
  },
  {
    "title": "Utsirasild",
    "subtitle": "600 g",
    "category": { "sub": "Fiskepålegg", "parent": "Pålegg" },
    "price": { "price": 53.9, "unitPrice": 89.83, "unit": "kg", "qty": 0.6 }
  },
  {
    "title": "Håndpillede Reker i Lake",
    "subtitle": "240 g",
    "category": { "sub": "Fiskepålegg", "parent": "Pålegg" },
    "price": { "price": 104.9, "unitPrice": 437.08, "unit": "kg", "qty": 0.24 }
  },
  {
    "title": "Sardiner i Olivenolje",
    "subtitle": "106 g",
    "category": { "sub": "Fiskepålegg", "parent": "Pålegg" },
    "price": { "price": 29.4, "unitPrice": 277.36, "unit": "kg", "qty": 0.11 }
  },
  {
    "title": "Sardiner i Olivenolje",
    "subtitle": "Classic, 106 g",
    "category": { "sub": "Fiskepålegg", "parent": "Pålegg" },
    "price": { "price": 21.8, "unitPrice": 205.66, "unit": "kg", "qty": 0.11 }
  },
  {
    "title": "Sardiner i Tomatsaus",
    "subtitle": "Classic, 106 g",
    "category": { "sub": "Fiskepålegg", "parent": "Pålegg" },
    "price": { "price": 22.4, "unitPrice": 211.32, "unit": "kg", "qty": 0.11 }
  },
  {
    "title": "Skinnfri Makrell Stevia",
    "subtitle": "110 g",
    "category": { "sub": "Fiskepålegg", "parent": "Pålegg" },
    "price": { "price": 24.8, "unitPrice": 225.45, "unit": "kg", "qty": 0.11 }
  },
  {
    "title": "Kryddersildfilet",
    "subtitle": "220 g",
    "category": { "sub": "Fiskepålegg", "parent": "Pålegg" },
    "price": { "price": 30.3, "unitPrice": 137.73, "unit": "kg", "qty": 0.22 }
  },
  {
    "title": "Peppermakrell",
    "subtitle": "ca. 200 g",
    "category": { "sub": "Fiskepålegg", "parent": "Pålegg" },
    "price": { "price": 26, "unitPrice": 130, "unit": "kg", "qty": 0.2 }
  },
  {
    "title": "Sardiner Mediterranean Style",
    "subtitle": "Fine, 106 g",
    "category": { "sub": "Fiskepålegg", "parent": "Pålegg" },
    "price": { "price": 32.3, "unitPrice": 304.72, "unit": "kg", "qty": 0.11 }
  },
  {
    "title": "Sildakongen Gaffelbiter",
    "subtitle": "200 g",
    "category": { "sub": "Fiskepålegg", "parent": "Pålegg" },
    "price": { "price": 28.4, "unitPrice": 142, "unit": "kg", "qty": 0.2 }
  },
  {
    "title": "Spekesildfilet",
    "subtitle": "220 g",
    "category": { "sub": "Fiskepålegg", "parent": "Pålegg" },
    "price": { "price": 30.3, "unitPrice": 137.73, "unit": "kg", "qty": 0.22 }
  },
  {
    "title": "Makrell Hakket i Salsa",
    "subtitle": "110 g",
    "category": { "sub": "Fiskepålegg", "parent": "Pålegg" },
    "price": { "price": 24.8, "unitPrice": 225.45, "unit": "kg", "qty": 0.11 }
  },
  {
    "title": "Rekekabaret",
    "subtitle": "300 g",
    "category": { "sub": "Fiskepålegg", "parent": "Pålegg" },
    "price": { "price": 36.8, "unitPrice": 122.67, "unit": "kg", "qty": 0.3 }
  },
  {
    "title": "Jordbærsyltetøy",
    "subtitle": "Rørte, frosset, 280 g",
    "category": { "sub": "Syltetøy", "parent": "Pålegg" },
    "price": { "price": 47.8, "unitPrice": 170.71, "unit": "kg", "qty": 0.28 }
  },
  {
    "title": "Bringebærsyltetøy",
    "subtitle": "Rørte, frosset, 280 g",
    "category": { "sub": "Syltetøy", "parent": "Pålegg" },
    "price": { "price": 55.8, "unitPrice": 199.29, "unit": "kg", "qty": 0.28 }
  },
  {
    "title": "Tyttebærsyltetøy Hjemmelaget",
    "subtitle": "400 g",
    "category": { "sub": "Syltetøy", "parent": "Pålegg" },
    "price": { "price": 41.8, "unitPrice": 104.5, "unit": "kg", "qty": 0.4 }
  },
  {
    "title": "Bringebærsyltetøy Hjemmelaget",
    "subtitle": "400 g",
    "category": { "sub": "Syltetøy", "parent": "Pålegg" },
    "price": { "price": 22.7, "unitPrice": 56.75, "unit": "kg", "qty": 0.4 }
  },
  {
    "title": "Bringebærsyltetøy",
    "subtitle": "160 g",
    "category": { "sub": "Syltetøy", "parent": "Pålegg" },
    "price": { "price": 69.2, "unitPrice": 432.5, "unit": "kg", "qty": 0.16 }
  },
  {
    "title": "Jordbærsyltetøy",
    "subtitle": "Lett, 535 g",
    "category": { "sub": "Syltetøy", "parent": "Pålegg" },
    "price": { "price": 41, "unitPrice": 76.64, "unit": "kg", "qty": 0.53 }
  },
  {
    "title": "Moste Jordbær Lett",
    "subtitle": "530 g",
    "category": { "sub": "Syltetøy", "parent": "Pålegg" },
    "price": { "price": 41.7, "unitPrice": 78.68, "unit": "kg", "qty": 0.53 }
  },
  {
    "title": "Blåbærsyltetøy",
    "subtitle": "Uten Tilsatt Sukker, 330 g",
    "category": { "sub": "Syltetøy", "parent": "Pålegg" },
    "price": { "price": 50.4, "unitPrice": 152.73, "unit": "kg", "qty": 0.33 }
  },
  {
    "title": "Jordbærsyltetøy",
    "subtitle": "Uten Tilsatt Sukker, 330 g",
    "category": { "sub": "Syltetøy", "parent": "Pålegg" },
    "price": { "price": 35.8, "unitPrice": 108.48, "unit": "kg", "qty": 0.33 }
  },
  {
    "title": "Blåbærsyltetøy Lett",
    "subtitle": "525 g",
    "category": { "sub": "Syltetøy", "parent": "Pålegg" },
    "price": { "price": 33.2, "unitPrice": 63.24, "unit": "kg", "qty": 0.52 }
  },
  {
    "title": "Eple & Pæresyltetøy",
    "subtitle": "Uten Tilsatt Sukker, 330 g",
    "category": { "sub": "Syltetøy", "parent": "Pålegg" },
    "price": { "price": 33.3, "unitPrice": 100.91, "unit": "kg", "qty": 0.33 }
  },
  {
    "title": "Bringebær",
    "subtitle": "Uten Tilsatt Sukker, 330 g",
    "category": { "sub": "Syltetøy", "parent": "Pålegg" },
    "price": { "price": 39.8, "unitPrice": 120.61, "unit": "kg", "qty": 0.33 }
  },
  {
    "title": "Blåbærsyltetøy",
    "subtitle": "Naturlig Lett, 540 g",
    "category": { "sub": "Syltetøy", "parent": "Pålegg" },
    "price": { "price": 65.8, "unitPrice": 121.85, "unit": "kg", "qty": 0.54 }
  },
  {
    "title": "Bringebærsyltetøy Lett",
    "subtitle": "540 g",
    "category": { "sub": "Syltetøy", "parent": "Pålegg" },
    "price": { "price": 43.8, "unitPrice": 81.11, "unit": "kg", "qty": 0.54 }
  },
  {
    "title": "Eplesyltetøy Lett",
    "subtitle": "525 g",
    "category": { "sub": "Syltetøy", "parent": "Pålegg" },
    "price": { "price": 33.2, "unitPrice": 63.24, "unit": "kg", "qty": 0.52 }
  },
  {
    "title": "Jordbærsyltetøy Lett",
    "subtitle": "525 g",
    "category": { "sub": "Syltetøy", "parent": "Pålegg" },
    "price": { "price": 33.2, "unitPrice": 63.24, "unit": "kg", "qty": 0.52 }
  },
  {
    "title": "Bringebærsyltetøy Lett",
    "subtitle": "525 g",
    "category": { "sub": "Syltetøy", "parent": "Pålegg" },
    "price": { "price": 33.2, "unitPrice": 63.24, "unit": "kg", "qty": 0.52 }
  },
  {
    "title": "Syltetøy Jordbær & Rabarbra",
    "subtitle": "Økologisk, 230 g",
    "category": { "sub": "Syltetøy", "parent": "Pålegg" },
    "price": { "price": 25, "unitPrice": 108.7, "unit": "kg", "qty": 0.23 }
  },
  {
    "title": "Syltetøy Solbær",
    "subtitle": "Økologisk, 230 g",
    "category": { "sub": "Syltetøy", "parent": "Pålegg" },
    "price": { "price": 36.3, "unitPrice": 157.83, "unit": "kg", "qty": 0.23 }
  },
  {
    "title": "Bringebærsyltetøy",
    "subtitle": "Økologisk, 230 g",
    "category": { "sub": "Syltetøy", "parent": "Pålegg" },
    "price": { "price": 30.3, "unitPrice": 131.74, "unit": "kg", "qty": 0.23 }
  },
  {
    "title": "Syltetøy Appelsin",
    "subtitle": "Økologisk, 230 g",
    "category": { "sub": "Syltetøy", "parent": "Pålegg" },
    "price": { "price": 25, "unitPrice": 108.7, "unit": "kg", "qty": 0.23 }
  },
  {
    "title": "Eplemos med Biter Hjemmelaget",
    "subtitle": "380 g",
    "category": { "sub": "Syltetøy", "parent": "Pålegg" },
    "price": { "price": 48.1, "unitPrice": 126.58, "unit": "kg", "qty": 0.38 }
  },
  {
    "title": "Moste Jordbær Hjemmelaget",
    "subtitle": "390 g",
    "category": { "sub": "Syltetøy", "parent": "Pålegg" },
    "price": { "price": 31.1, "unitPrice": 79.74, "unit": "kg", "qty": 0.39 }
  },
  {
    "title": "Appelsinmarmelade Hjemmelaget",
    "subtitle": "400 g",
    "category": { "sub": "Syltetøy", "parent": "Pålegg" },
    "price": { "price": 34.8, "unitPrice": 87, "unit": "kg", "qty": 0.4 }
  },
  {
    "title": "Aprikossyltetøy Hjemmelaget",
    "subtitle": "400 g",
    "category": { "sub": "Syltetøy", "parent": "Pålegg" },
    "price": { "price": 44.8, "unitPrice": 112, "unit": "kg", "qty": 0.4 }
  },
  {
    "title": "Blåbærsyltetøy Hjemmelaget",
    "subtitle": "400 g",
    "category": { "sub": "Syltetøy", "parent": "Pålegg" },
    "price": { "price": 51.4, "unitPrice": 128.5, "unit": "kg", "qty": 0.4 }
  },
  {
    "title": "Jordbærsyltetøy Hjemmelaget",
    "subtitle": "400 g",
    "category": { "sub": "Syltetøy", "parent": "Pålegg" },
    "price": { "price": 24.7, "unitPrice": 61.75, "unit": "kg", "qty": 0.4 }
  },
  {
    "title": "Aprikos Heimefrå",
    "subtitle": "360 g",
    "category": { "sub": "Syltetøy", "parent": "Pålegg" },
    "price": { "price": 34.8, "unitPrice": 96.67, "unit": "kg", "qty": 0.36 }
  },
  {
    "title": "Appelsin Heimefrå",
    "subtitle": "360 g",
    "category": { "sub": "Syltetøy", "parent": "Pålegg" },
    "price": { "price": 33.8, "unitPrice": 93.89, "unit": "kg", "qty": 0.36 }
  },
  {
    "title": "Bringebær Heimefrå",
    "subtitle": "360 g",
    "category": { "sub": "Syltetøy", "parent": "Pålegg" },
    "price": { "price": 37.8, "unitPrice": 105, "unit": "kg", "qty": 0.36 }
  },
  {
    "title": "Solbærsyltetøy Heimefrå",
    "subtitle": "360 g",
    "category": { "sub": "Syltetøy", "parent": "Pålegg" },
    "price": { "price": 43.4, "unitPrice": 120.56, "unit": "kg", "qty": 0.36 }
  },
  {
    "title": "Kirsebærsyltetøy Heimefrå",
    "subtitle": "360 g",
    "category": { "sub": "Syltetøy", "parent": "Pålegg" },
    "price": { "price": 34.3, "unitPrice": 95.28, "unit": "kg", "qty": 0.36 }
  },
  {
    "title": "Molte Heimefrå",
    "subtitle": "360 g",
    "category": { "sub": "Syltetøy", "parent": "Pålegg" },
    "price": { "price": 85.9, "unitPrice": 238.61, "unit": "kg", "qty": 0.36 }
  },
  {
    "title": "Fru Bennett Appelsinmarmelade",
    "subtitle": "430 g",
    "category": { "sub": "Syltetøy", "parent": "Pålegg" },
    "price": { "price": 39.4, "unitPrice": 91.63, "unit": "kg", "qty": 0.43 }
  },
  {
    "title": "Jordbærsyltetøy",
    "subtitle": "Squeezy, 425 g",
    "category": { "sub": "Syltetøy", "parent": "Pålegg" },
    "price": { "price": 30.2, "unitPrice": 71.06, "unit": "kg", "qty": 0.42 }
  },
  {
    "title": "Bringebærsyltetøy",
    "subtitle": "Squeezy, 425 g",
    "category": { "sub": "Syltetøy", "parent": "Pålegg" },
    "price": { "price": 37.7, "unitPrice": 88.71, "unit": "kg", "qty": 0.42 }
  },
  {
    "title": "Bringebær & Blåbærsyltetøy",
    "subtitle": "Squeezy, 420 g",
    "category": { "sub": "Syltetøy", "parent": "Pålegg" },
    "price": { "price": 44.6, "unitPrice": 44.6, "unit": "stk", "qty": 1 }
  },
  {
    "title": "Jordbær Klem",
    "subtitle": "415 g",
    "category": { "sub": "Syltetøy", "parent": "Pålegg" },
    "price": { "price": 28.4, "unitPrice": 68.43, "unit": "kg", "qty": 0.42 }
  },
  {
    "title": "Klem Bringebær",
    "subtitle": "415 g",
    "category": { "sub": "Syltetøy", "parent": "Pålegg" },
    "price": { "price": 32.8, "unitPrice": 79.04, "unit": "kg", "qty": 0.41 }
  },
  {
    "title": "Tyttebærsyltetøy",
    "subtitle": "600 g",
    "category": { "sub": "Syltetøy", "parent": "Pålegg" },
    "price": { "price": 53.8, "unitPrice": 89.67, "unit": "kg", "qty": 0.6 }
  },
  {
    "title": "Tyttebærsyltetøy",
    "subtitle": "1 kg",
    "category": { "sub": "Syltetøy", "parent": "Pålegg" },
    "price": { "price": 81.9, "unitPrice": 81.9, "unit": "kg", "qty": 1 }
  },
  {
    "title": "Jordbærsyltetøy",
    "subtitle": "1 kg",
    "category": { "sub": "Syltetøy", "parent": "Pålegg" },
    "price": { "price": 68.1, "unitPrice": 68.1, "unit": "kg", "qty": 1 }
  },
  {
    "title": "Bringebærsyltetøy",
    "subtitle": "1 kg",
    "category": { "sub": "Syltetøy", "parent": "Pålegg" },
    "price": { "price": 68.1, "unitPrice": 68.1, "unit": "kg", "qty": 1 }
  },
  {
    "title": "Blåbærsyltetøy",
    "subtitle": "1 kg",
    "category": { "sub": "Syltetøy", "parent": "Pålegg" },
    "price": { "price": 43.9, "unitPrice": 43.9, "unit": "kg", "qty": 1 }
  },
  {
    "title": "Appelsinmarmelade",
    "subtitle": "1 kg",
    "category": { "sub": "Syltetøy", "parent": "Pålegg" },
    "price": { "price": 35.6, "unitPrice": 35.6, "unit": "kg", "qty": 1 }
  },
  {
    "title": "Aprikossyltetøy",
    "subtitle": "1 kg",
    "category": { "sub": "Syltetøy", "parent": "Pålegg" },
    "price": { "price": 58.9, "unitPrice": 58.9, "unit": "kg", "qty": 1 }
  },
  {
    "title": "Ripsgelé",
    "subtitle": "200 g",
    "category": { "sub": "Syltetøy", "parent": "Pålegg" },
    "price": { "price": 52.2, "unitPrice": 261, "unit": "kg", "qty": 0.2 }
  },
  {
    "title": "Ripsgelé",
    "subtitle": "400 g",
    "category": { "sub": "Syltetøy", "parent": "Pålegg" },
    "price": { "price": 53.5, "unitPrice": 133.75, "unit": "kg", "qty": 0.4 }
  },
  {
    "title": "Marmelade til Brie",
    "subtitle": "120 g",
    "category": { "sub": "Syltetøy", "parent": "Pålegg" },
    "price": { "price": 61.8, "unitPrice": 515, "unit": "kg", "qty": 0.12 }
  },
  {
    "title": "Marmelade til Camembert",
    "subtitle": "120 g",
    "category": { "sub": "Syltetøy", "parent": "Pålegg" },
    "price": { "price": 51.8, "unitPrice": 431.67, "unit": "kg", "qty": 0.12 }
  },
  {
    "title": "Marmelade til Chèvre",
    "subtitle": "120 g",
    "category": { "sub": "Syltetøy", "parent": "Pålegg" },
    "price": { "price": 61.8, "unitPrice": 515, "unit": "kg", "qty": 0.12 }
  },
  {
    "title": "Marmelade til Fast Ost",
    "subtitle": "120 g",
    "category": { "sub": "Syltetøy", "parent": "Pålegg" },
    "price": { "price": 65.9, "unitPrice": 549.17, "unit": "kg", "qty": 0.12 }
  },
  {
    "title": "Marmelade til Manchego",
    "subtitle": "120 g",
    "category": { "sub": "Syltetøy", "parent": "Pålegg" },
    "price": { "price": 54.4, "unitPrice": 453.33, "unit": "kg", "qty": 0.12 }
  },
  {
    "title": "Marmelade til Roquefort",
    "subtitle": "120 g",
    "category": { "sub": "Syltetøy", "parent": "Pålegg" },
    "price": { "price": 56, "unitPrice": 466.67, "unit": "kg", "qty": 0.12 }
  },
  {
    "title": "Solbærsyltetøy",
    "subtitle": "En verden av oster, 85 g",
    "category": { "sub": "Syltetøy", "parent": "Pålegg" },
    "price": { "price": 29.1, "unitPrice": 342.35, "unit": "kg", "qty": 0.09 }
  },
  {
    "title": "Eplemos",
    "subtitle": "Økologisk, 360 g",
    "category": { "sub": "Syltetøy", "parent": "Pålegg" },
    "price": { "price": 23.5, "unitPrice": 65.28, "unit": "kg", "qty": 0.36 }
  },
  {
    "title": "Eplemos med Mango",
    "subtitle": "360 g",
    "category": { "sub": "Syltetøy", "parent": "Pålegg" },
    "price": { "price": 24.5, "unitPrice": 68.06, "unit": "kg", "qty": 0.36 }
  },
  {
    "title": "Fikenmarmelade",
    "subtitle": "Økologisk, 260 g",
    "category": { "sub": "Syltetøy", "parent": "Pålegg" },
    "price": { "price": 44.4, "unitPrice": 170.77, "unit": "kg", "qty": 0.26 }
  },
  {
    "title": "Aprikosmarmelade",
    "subtitle": "Økologisk, 250 g",
    "category": { "sub": "Syltetøy", "parent": "Pålegg" },
    "price": { "price": 44.4, "unitPrice": 177.6, "unit": "kg", "qty": 0.25 }
  },
  {
    "title": "Appelsinmarmelade",
    "subtitle": "Økologisk, 260 g",
    "category": { "sub": "Syltetøy", "parent": "Pålegg" },
    "price": { "price": 51.2, "unitPrice": 196.92, "unit": "kg", "qty": 0.26 }
  },
  {
    "title": "Villblåbærmarmelade",
    "subtitle": "Økologisk, 250 g",
    "category": { "sub": "Syltetøy", "parent": "Pålegg" },
    "price": { "price": 44.4, "unitPrice": 177.6, "unit": "kg", "qty": 0.25 }
  },
  {
    "title": "Bringebærsyltetøy Original",
    "subtitle": "600 g",
    "category": { "sub": "Syltetøy", "parent": "Pålegg" },
    "price": { "price": 35.6, "unitPrice": 59.33, "unit": "kg", "qty": 0.6 }
  },
  {
    "title": "Økologisk Appelsinmarmelade",
    "subtitle": "Skælskør, 260 g",
    "category": { "sub": "Syltetøy", "parent": "Pålegg" },
    "price": { "price": 32.2, "unitPrice": 123.85, "unit": "kg", "qty": 0.26 }
  },
  {
    "title": "Moltesyltetøy",
    "subtitle": "375 g",
    "category": { "sub": "Syltetøy", "parent": "Pålegg" },
    "price": { "price": 49.9, "unitPrice": 133.07, "unit": "kg", "qty": 0.37 }
  },
  {
    "title": "Jordbærsyltetøy Gourmet",
    "subtitle": "200 g",
    "category": { "sub": "Syltetøy", "parent": "Pålegg" },
    "price": { "price": 34.9, "unitPrice": 174.5, "unit": "kg", "qty": 0.2 }
  },
  {
    "title": "Jordbærsyltetøy",
    "subtitle": "200 g",
    "category": { "sub": "Syltetøy", "parent": "Pålegg" },
    "price": { "price": 34.9, "unitPrice": 174.5, "unit": "kg", "qty": 0.2 }
  },
  {
    "title": "Kirsebærgele",
    "subtitle": "200 g",
    "category": { "sub": "Syltetøy", "parent": "Pålegg" },
    "price": { "price": 34.9, "unitPrice": 174.5, "unit": "kg", "qty": 0.2 }
  },
  {
    "title": "Bringebærsyltetøy Gourmet",
    "subtitle": "200 g",
    "category": { "sub": "Syltetøy", "parent": "Pålegg" },
    "price": { "price": 34.9, "unitPrice": 174.5, "unit": "kg", "qty": 0.2 }
  },
  {
    "title": "Bringebærsyltetøy",
    "subtitle": "200 g",
    "category": { "sub": "Syltetøy", "parent": "Pålegg" },
    "price": { "price": 34.9, "unitPrice": 174.5, "unit": "kg", "qty": 0.2 }
  },
  {
    "title": "Appelsinmarmelade Gourmet med Aquavit",
    "subtitle": "200 g",
    "category": { "sub": "Syltetøy", "parent": "Pålegg" },
    "price": { "price": 34.9, "unitPrice": 174.5, "unit": "kg", "qty": 0.2 }
  },
  {
    "title": "Stikkelsbærsyltetøy",
    "subtitle": "200 g",
    "category": { "sub": "Syltetøy", "parent": "Pålegg" },
    "price": { "price": 34.9, "unitPrice": 174.5, "unit": "kg", "qty": 0.2 }
  },
  {
    "title": "Bjørnebærsyltetøy Gourmet",
    "subtitle": "200 g",
    "category": { "sub": "Syltetøy", "parent": "Pålegg" },
    "price": { "price": 34.9, "unitPrice": 174.5, "unit": "kg", "qty": 0.2 }
  },
  {
    "title": "Flytende Akasiehonning",
    "subtitle": "350 g",
    "category": { "sub": "Honning og søtpålegg", "parent": "Pålegg" },
    "price": { "price": 69.8, "unitPrice": 199.43, "unit": "kg", "qty": 0.35 }
  },
  {
    "title": "Fjellhonning",
    "subtitle": "Flytende, 350 g",
    "category": { "sub": "Honning og søtpålegg", "parent": "Pålegg" },
    "price": { "price": 72.4, "unitPrice": 206.86, "unit": "kg", "qty": 0.35 }
  },
  {
    "title": "Blomsterhonning Mørk",
    "subtitle": "700 g",
    "category": { "sub": "Honning og søtpålegg", "parent": "Pålegg" },
    "price": { "price": 77.9, "unitPrice": 111.29, "unit": "kg", "qty": 0.7 }
  },
  {
    "title": "Sommerhonning",
    "subtitle": "160 g",
    "category": { "sub": "Honning og søtpålegg", "parent": "Pålegg" },
    "price": { "price": 62.3, "unitPrice": 389.38, "unit": "kg", "qty": 0.16 }
  },
  {
    "title": "Lynghonning",
    "subtitle": "250 g",
    "category": { "sub": "Honning og søtpålegg", "parent": "Pålegg" },
    "price": { "price": 67.5, "unitPrice": 270, "unit": "kg", "qty": 0.25 }
  },
  {
    "title": "Bringebærhonning Myk",
    "subtitle": "350 g",
    "category": { "sub": "Honning og søtpålegg", "parent": "Pålegg" },
    "price": { "price": 93.9, "unitPrice": 268.29, "unit": "kg", "qty": 0.35 }
  },
  {
    "title": "Lynghonning Kraftig",
    "subtitle": "350 g",
    "category": { "sub": "Honning og søtpålegg", "parent": "Pålegg" },
    "price": { "price": 98.9, "unitPrice": 282.57, "unit": "kg", "qty": 0.35 }
  },
  {
    "title": "Skogshonning Ren",
    "subtitle": "350 g",
    "category": { "sub": "Honning og søtpålegg", "parent": "Pålegg" },
    "price": { "price": 93.9, "unitPrice": 268.29, "unit": "kg", "qty": 0.35 }
  },
  {
    "title": "Ekte Honning",
    "subtitle": "350 g",
    "category": { "sub": "Honning og søtpålegg", "parent": "Pålegg" },
    "price": { "price": 79.8, "unitPrice": 228, "unit": "kg", "qty": 0.35 }
  },
  {
    "title": "Lønnesirup Lys",
    "subtitle": "Økologisk, 236 ml",
    "category": { "sub": "Honning og søtpålegg", "parent": "Pålegg" },
    "price": { "price": 99.8, "unitPrice": 422.88, "unit": "l", "qty": 0.24 }
  },
  {
    "title": "Lønnesirup",
    "subtitle": "Økologisk, 189 ml",
    "category": { "sub": "Honning og søtpålegg", "parent": "Pålegg" },
    "price": { "price": 73.8, "unitPrice": 390.48, "unit": "l", "qty": 0.19 }
  },
  {
    "title": "Agavesirup Økologisk",
    "subtitle": "250 g",
    "category": { "sub": "Honning og søtpålegg", "parent": "Pålegg" },
    "price": { "price": 60, "unitPrice": 240, "unit": "kg", "qty": 0.25 }
  },
  {
    "title": "Granateplesirup",
    "subtitle": "250 ml",
    "category": { "sub": "Honning og søtpålegg", "parent": "Pålegg" },
    "price": { "price": 61.3, "unitPrice": 245.2, "unit": "l", "qty": 0.25 }
  },
  {
    "title": "Daddelsirup",
    "subtitle": "450 ml",
    "category": { "sub": "Honning og søtpålegg", "parent": "Pålegg" },
    "price": { "price": 48, "unitPrice": 106.67, "unit": "l", "qty": 0.45 }
  },
  {
    "title": "Peanøttsmør Crunchy",
    "subtitle": "Økologisk, 340 g",
    "category": { "sub": "Honning og søtpålegg", "parent": "Pålegg" },
    "price": { "price": 64.8, "unitPrice": 190.59, "unit": "kg", "qty": 0.34 }
  },
  {
    "title": "Peanutbutter",
    "subtitle": "Grov, 350 g",
    "category": { "sub": "Honning og søtpålegg", "parent": "Pålegg" },
    "price": { "price": 39.4, "unitPrice": 112.57, "unit": "kg", "qty": 0.35 }
  },
  {
    "title": "Skippy Peanutbutter Crunchy",
    "subtitle": "340 g",
    "category": { "sub": "Honning og søtpålegg", "parent": "Pålegg" },
    "price": { "price": 48.7, "unitPrice": 143.24, "unit": "kg", "qty": 0.34 }
  },
  {
    "title": "Peanøttsmør",
    "subtitle": "350 g",
    "category": { "sub": "Honning og søtpålegg", "parent": "Pålegg" },
    "price": { "price": 29.9, "unitPrice": 85.43, "unit": "kg", "qty": 0.35 }
  },
  {
    "title": "Peanøttsmør Creamy",
    "subtitle": "340 g",
    "category": { "sub": "Honning og søtpålegg", "parent": "Pålegg" },
    "price": { "price": 60, "unitPrice": 176.47, "unit": "kg", "qty": 0.34 }
  },
  {
    "title": "Plantego' Økologisk Peanøttsmør",
    "subtitle": "350 g",
    "category": { "sub": "Honning og søtpålegg", "parent": "Pålegg" },
    "price": { "price": 55.4, "unitPrice": 158.29, "unit": "kg", "qty": 0.35 }
  },
  {
    "title": "Peanøttsmør",
    "subtitle": "Grovt Uten Salt, 250 g",
    "category": { "sub": "Honning og søtpålegg", "parent": "Pålegg" },
    "price": { "price": 49.1, "unitPrice": 196.4, "unit": "kg", "qty": 0.25 }
  },
  {
    "title": "Cashewsmør Naturell",
    "subtitle": "Økologisk, 250 g",
    "category": { "sub": "Honning og søtpålegg", "parent": "Pålegg" },
    "price": { "price": 92.6, "unitPrice": 370.4, "unit": "kg", "qty": 0.25 }
  },
  {
    "title": "Mandelsmør",
    "subtitle": "170 g",
    "category": { "sub": "Honning og søtpålegg", "parent": "Pålegg" },
    "price": { "price": 109.3, "unitPrice": 642.94, "unit": "kg", "qty": 0.17 }
  },
  {
    "title": "Mandelsmør Mørkt",
    "subtitle": "Økologisk, 250 g",
    "category": { "sub": "Honning og søtpålegg", "parent": "Pålegg" },
    "price": { "price": 154.1, "unitPrice": 616.4, "unit": "kg", "qty": 0.25 }
  },
  {
    "title": "Nutella",
    "subtitle": "350 g",
    "category": { "sub": "Honning og søtpålegg", "parent": "Pålegg" },
    "price": { "price": 49.4, "unitPrice": 141.14, "unit": "kg", "qty": 0.35 }
  },
  {
    "title": "Sjokade",
    "subtitle": "500 g",
    "category": { "sub": "Honning og søtpålegg", "parent": "Pålegg" },
    "price": { "price": 30.8, "unitPrice": 61.6, "unit": "kg", "qty": 0.5 }
  },
  {
    "title": "Nugatti Air",
    "subtitle": "340 g",
    "category": { "sub": "Honning og søtpålegg", "parent": "Pålegg" },
    "price": { "price": 39, "unitPrice": 114.71, "unit": "kg", "qty": 0.34 }
  },
  {
    "title": "Nugatti Max",
    "subtitle": "450 g",
    "category": { "sub": "Honning og søtpålegg", "parent": "Pålegg" },
    "price": { "price": 46, "unitPrice": 102.22, "unit": "kg", "qty": 0.45 }
  },
  {
    "title": "Nugatti",
    "subtitle": "500 g",
    "category": { "sub": "Honning og søtpålegg", "parent": "Pålegg" },
    "price": { "price": 27.9, "unitPrice": 55.8, "unit": "kg", "qty": 0.5 }
  },
  {
    "title": "Hazelnut Chocolate Sjokoladepålegg",
    "subtitle": "Vegan, 270 g",
    "category": { "sub": "Honning og søtpålegg", "parent": "Pålegg" },
    "price": { "price": 63.6, "unitPrice": 235.56, "unit": "kg", "qty": 0.27 }
  },
  {
    "title": "Sjokoladepålegg med Hasselnøtt",
    "subtitle": "Vegansk, 200 g",
    "category": { "sub": "Honning og søtpålegg", "parent": "Pålegg" },
    "price": { "price": 51.8, "unitPrice": 259, "unit": "kg", "qty": 0.2 }
  },
  {
    "title": "Sjokoduo",
    "subtitle": "400 g",
    "category": { "sub": "Honning og søtpålegg", "parent": "Pålegg" },
    "price": { "price": 26.2, "unitPrice": 65.5, "unit": "kg", "qty": 0.4 }
  },
  {
    "title": "Nøttesjoko",
    "subtitle": "400 g",
    "category": { "sub": "Honning og søtpålegg", "parent": "Pålegg" },
    "price": { "price": 19.9, "unitPrice": 49.75, "unit": "kg", "qty": 0.4 }
  },
  {
    "title": "Hapå",
    "subtitle": "310 g",
    "category": { "sub": "Honning og søtpålegg", "parent": "Pålegg" },
    "price": { "price": 32.8, "unitPrice": 105.81, "unit": "kg", "qty": 0.31 }
  },
  {
    "title": "Banos",
    "subtitle": "240 g",
    "category": { "sub": "Honning og søtpålegg", "parent": "Pålegg" },
    "price": { "price": 21.8, "unitPrice": 90.83, "unit": "kg", "qty": 0.24 }
  },
  {
    "title": "Sunda",
    "subtitle": "280 g",
    "category": { "sub": "Honning og søtpålegg", "parent": "Pålegg" },
    "price": { "price": 26.4, "unitPrice": 94.29, "unit": "kg", "qty": 0.28 }
  },
  {
    "title": "Nugatti Salt Karamell",
    "subtitle": "325 g",
    "category": { "sub": "Honning og søtpålegg", "parent": "Pålegg" },
    "price": { "price": 50.2, "unitPrice": 154.46, "unit": "kg", "qty": 0.33 }
  },
  {
    "title": "Stabbur-makrell",
    "subtitle": "På Tube, 185 g",
    "category": { "sub": "Majones og tubepålegg", "parent": "Pålegg" },
    "price": { "price": 32.8, "unitPrice": 177.3, "unit": "kg", "qty": 0.18 }
  },
  {
    "title": "Rekeost",
    "subtitle": "Tube, 175 g",
    "category": { "sub": "Majones og tubepålegg", "parent": "Pålegg" },
    "price": { "price": 33.4, "unitPrice": 190.86, "unit": "kg", "qty": 0.17 }
  },
  {
    "title": "Jalapeño Ost",
    "subtitle": "Tube, 175 g",
    "category": { "sub": "Majones og tubepålegg", "parent": "Pålegg" },
    "price": { "price": 33.4, "unitPrice": 190.86, "unit": "kg", "qty": 0.17 }
  },
  {
    "title": "Mager Skinkeost",
    "subtitle": "Tube, 175 g",
    "category": { "sub": "Majones og tubepålegg", "parent": "Pålegg" },
    "price": { "price": 32.8, "unitPrice": 187.43, "unit": "kg", "qty": 0.17 }
  },
  {
    "title": "Skinkeost",
    "subtitle": "Tube, 175 g",
    "category": { "sub": "Majones og tubepålegg", "parent": "Pålegg" },
    "price": { "price": 30.3, "unitPrice": 173.14, "unit": "kg", "qty": 0.18 }
  },
  {
    "title": "Magerost Kylling",
    "subtitle": "Tube, 175 g",
    "category": { "sub": "Majones og tubepålegg", "parent": "Pålegg" },
    "price": { "price": 33.3, "unitPrice": 190.29, "unit": "kg", "qty": 0.17 }
  },
  {
    "title": "Baconost",
    "subtitle": "Tube, 175 g",
    "category": { "sub": "Majones og tubepålegg", "parent": "Pålegg" },
    "price": { "price": 30.2, "unitPrice": 172.57, "unit": "kg", "qty": 0.18 }
  },
  {
    "title": "Majones",
    "subtitle": "Ekte, 160 g",
    "category": { "sub": "Majones og tubepålegg", "parent": "Pålegg" },
    "price": { "price": 26.7, "unitPrice": 166.88, "unit": "kg", "qty": 0.16 }
  },
  {
    "title": "Lettmajones",
    "subtitle": "175 g",
    "category": { "sub": "Majones og tubepålegg", "parent": "Pålegg" },
    "price": { "price": 23.9, "unitPrice": 136.57, "unit": "kg", "qty": 0.18 }
  },
  {
    "title": "Majones",
    "subtitle": "Lett, 170 g",
    "category": { "sub": "Majones og tubepålegg", "parent": "Pålegg" },
    "price": { "price": 25, "unitPrice": 147.06, "unit": "kg", "qty": 0.17 }
  },
  {
    "title": "Majones",
    "subtitle": "215 g",
    "category": { "sub": "Majones og tubepålegg", "parent": "Pålegg" },
    "price": { "price": 32, "unitPrice": 148.84, "unit": "kg", "qty": 0.21 }
  },
  {
    "title": "Remulade",
    "subtitle": "Tube, 160 g",
    "category": { "sub": "Majones og tubepålegg", "parent": "Pålegg" },
    "price": { "price": 29.8, "unitPrice": 186.25, "unit": "kg", "qty": 0.16 }
  },
  {
    "title": "Ekte Majones",
    "subtitle": "330 g",
    "category": { "sub": "Majones og tubepålegg", "parent": "Pålegg" },
    "price": { "price": 32.7, "unitPrice": 99.09, "unit": "kg", "qty": 0.33 }
  },
  {
    "title": "Lettmajones",
    "subtitle": "330 g",
    "category": { "sub": "Majones og tubepålegg", "parent": "Pålegg" },
    "price": { "price": 32.7, "unitPrice": 99.09, "unit": "kg", "qty": 0.33 }
  },
  {
    "title": "Ekte Remulade",
    "subtitle": "165 g",
    "category": { "sub": "Majones og tubepålegg", "parent": "Pålegg" },
    "price": { "price": 24.4, "unitPrice": 147.88, "unit": "kg", "qty": 0.16 }
  },
  {
    "title": "Ekte Majones",
    "subtitle": "400 g",
    "category": { "sub": "Majones og tubepålegg", "parent": "Pålegg" },
    "price": { "price": 41.8, "unitPrice": 104.5, "unit": "kg", "qty": 0.4 }
  },
  {
    "title": "Vegan Mayo",
    "subtitle": "268 g",
    "category": { "sub": "Majones og tubepålegg", "parent": "Pålegg" },
    "price": { "price": 43.5, "unitPrice": 162.31, "unit": "kg", "qty": 0.27 }
  },
  {
    "title": "Hvitløksmajones",
    "subtitle": "250 ml",
    "category": { "sub": "Majones og tubepålegg", "parent": "Pålegg" },
    "price": { "price": 41.4, "unitPrice": 165.6, "unit": "l", "qty": 0.25 }
  },
  {
    "title": "Chili Majones",
    "subtitle": "250 ml",
    "category": { "sub": "Majones og tubepålegg", "parent": "Pålegg" },
    "price": { "price": 41.4, "unitPrice": 165.6, "unit": "l", "qty": 0.25 }
  },
  {
    "title": "Kaviar",
    "subtitle": "245 g",
    "category": { "sub": "Majones og tubepålegg", "parent": "Pålegg" },
    "price": { "price": 27.3, "unitPrice": 111.43, "unit": "kg", "qty": 0.24 }
  },
  {
    "title": "Kaviar Tube",
    "subtitle": "185 g",
    "category": { "sub": "Majones og tubepålegg", "parent": "Pålegg" },
    "price": { "price": 18.9, "unitPrice": 102.16, "unit": "kg", "qty": 0.19 }
  },
  {
    "title": "Kaviarmix",
    "subtitle": "Tube, 175 g",
    "category": { "sub": "Majones og tubepålegg", "parent": "Pålegg" },
    "price": { "price": 28.3, "unitPrice": 161.71, "unit": "kg", "qty": 0.18 }
  },
  {
    "title": "Kaviar 60%",
    "subtitle": "190 g",
    "category": { "sub": "Majones og tubepålegg", "parent": "Pålegg" },
    "price": { "price": 20.4, "unitPrice": 107.37, "unit": "kg", "qty": 0.19 }
  },
  {
    "title": "Kaviar",
    "subtitle": "185 g",
    "category": { "sub": "Majones og tubepålegg", "parent": "Pålegg" },
    "price": { "price": 12.2, "unitPrice": 65.95, "unit": "kg", "qty": 0.18 }
  },
  {
    "title": "Polarkaviar",
    "subtitle": "180 g",
    "category": { "sub": "Majones og tubepålegg", "parent": "Pålegg" },
    "price": { "price": 21.8, "unitPrice": 121.11, "unit": "kg", "qty": 0.18 }
  },
  {
    "title": "Tartex Postei Naturell",
    "subtitle": "Økologisk, Vegetar, 200 g",
    "category": { "sub": "Majones og tubepålegg", "parent": "Pålegg" },
    "price": { "price": 60.5, "unitPrice": 302.5, "unit": "kg", "qty": 0.2 }
  },
  {
    "title": "Majones",
    "subtitle": "375 g",
    "category": { "sub": "Majones og tubepålegg", "parent": "Pålegg" },
    "price": { "price": 17, "unitPrice": 45.33, "unit": "kg", "qty": 0.38 }
  },
  {
    "title": "Majones, Lett",
    "subtitle": "375 g",
    "category": { "sub": "Majones og tubepålegg", "parent": "Pålegg" },
    "price": { "price": 16.6, "unitPrice": 44.27, "unit": "kg", "qty": 0.37 }
  },
  {
    "title": "Aioli Kremet",
    "subtitle": "230 ml",
    "category": { "sub": "Majones og tubepålegg", "parent": "Pålegg" },
    "price": { "price": 36.3, "unitPrice": 157.83, "unit": "l", "qty": 0.23 }
  },
  {
    "title": "Eriks Aioli Med Lime",
    "subtitle": "230 ml",
    "category": { "sub": "Majones og tubepålegg", "parent": "Pålegg" },
    "price": { "price": 39.3, "unitPrice": 170.87, "unit": "l", "qty": 0.23 }
  },
  {
    "title": "Aioli",
    "subtitle": "250 g",
    "category": { "sub": "Majones og tubepålegg", "parent": "Pålegg" },
    "price": { "price": 15, "unitPrice": 60, "unit": "kg", "qty": 0.25 }
  },
  {
    "title": "Cheez Dippers Original",
    "subtitle": "175 g",
    "category": { "sub": "Majones og tubepålegg", "parent": "Pålegg" },
    "price": { "price": 44.2, "unitPrice": 252.57, "unit": "kg", "qty": 0.18 }
  },
  {
    "title": "Kavli Baconost",
    "subtitle": "i Matboksen, 60 g",
    "category": { "sub": "Majones og tubepålegg", "parent": "Pålegg" },
    "price": { "price": 14.4, "unitPrice": 240, "unit": "kg", "qty": 0.06 }
  },
  {
    "title": "Kavli Skinkeost",
    "subtitle": "Minitube, 60 g",
    "category": { "sub": "Majones og tubepålegg", "parent": "Pålegg" },
    "price": { "price": 14.4, "unitPrice": 240, "unit": "kg", "qty": 0.06 }
  },
  {
    "title": "Magerost Jalapeno",
    "subtitle": "175 g",
    "category": { "sub": "Majones og tubepålegg", "parent": "Pålegg" },
    "price": { "price": 32.8, "unitPrice": 187.43, "unit": "kg", "qty": 0.17 }
  },
  {
    "title": "Smaksrik Chili Paprika",
    "subtitle": "Tube, 175 g",
    "category": { "sub": "Majones og tubepålegg", "parent": "Pålegg" },
    "price": { "price": 40.8, "unitPrice": 233.14, "unit": "kg", "qty": 0.18 }
  },
  {
    "title": "Døgnvill Chipotle Mayo",
    "subtitle": "100 g",
    "category": { "sub": "Majones og tubepålegg", "parent": "Pålegg" },
    "price": { "price": 21.9, "unitPrice": 219, "unit": "kg", "qty": 0.1 }
  },
  {
    "title": "Norvegia Smøreost Med Bacon",
    "subtitle": "165 g",
    "category": { "sub": "Majones og tubepålegg", "parent": "Pålegg" },
    "price": { "price": 29.8, "unitPrice": 180.61, "unit": "kg", "qty": 0.16 }
  },
  {
    "title": "Klemmeost Med Juicy Salami",
    "subtitle": "165 g",
    "category": { "sub": "Majones og tubepålegg", "parent": "Pålegg" },
    "price": { "price": 27.8, "unitPrice": 168.48, "unit": "kg", "qty": 0.17 }
  },
  {
    "title": "Døgnvill Majones",
    "subtitle": "100 g",
    "category": { "sub": "Majones og tubepålegg", "parent": "Pålegg" },
    "price": { "price": 21.9, "unitPrice": 219, "unit": "kg", "qty": 0.1 }
  },
  {
    "title": "Norvegia Smøreost Med Skinke",
    "subtitle": "165 g",
    "category": { "sub": "Majones og tubepålegg", "parent": "Pålegg" },
    "price": { "price": 29.8, "unitPrice": 180.61, "unit": "kg", "qty": 0.16 }
  },
  {
    "title": "Døgnvill Aioli",
    "subtitle": "100 g",
    "category": { "sub": "Majones og tubepålegg", "parent": "Pålegg" },
    "price": { "price": 21.9, "unitPrice": 219, "unit": "kg", "qty": 0.1 }
  },
  {
    "title": "Bønnetaco",
    "subtitle": "Fiks ferdig, 2 Porsjoner, 800 g",
    "category": {
      "sub": "Ferdige middagsretter Ny!",
      "parent": "Middager og tilbehør"
    },
    "price": { "price": 69.9, "unitPrice": 87.38, "unit": "kg", "qty": 0.8 }
  },
  {
    "title": "Fransk Oksegryte",
    "subtitle": "Fiks ferdig, 2 Porsjoner, 800 g",
    "category": {
      "sub": "Ferdige middagsretter Ny!",
      "parent": "Middager og tilbehør"
    },
    "price": { "price": 99, "unitPrice": 123.75, "unit": "kg", "qty": 0.8 }
  },
  {
    "title": "Barnas Kjøttboller i Tomatsaus",
    "subtitle": "Fiks ferdig, 2 Porsjoner, 800 g",
    "category": {
      "sub": "Ferdige middagsretter Ny!",
      "parent": "Middager og tilbehør"
    },
    "price": { "price": 79.9, "unitPrice": 99.88, "unit": "kg", "qty": 0.8 }
  },
  {
    "title": "Chili Con Carne",
    "subtitle": "Fiks ferdig, 2 Porsjoner, 800 g",
    "category": {
      "sub": "Ferdige middagsretter Ny!",
      "parent": "Middager og tilbehør"
    },
    "price": { "price": 89.9, "unitPrice": 112.38, "unit": "kg", "qty": 0.8 }
  },
  {
    "title": "Lasagne",
    "subtitle": "Fiks ferdig, 2 Porsjoner, 800 g",
    "category": {
      "sub": "Ferdige middagsretter Ny!",
      "parent": "Middager og tilbehør"
    },
    "price": { "price": 79.9, "unitPrice": 99.88, "unit": "kg", "qty": 0.8 }
  },
  {
    "title": "Kylling Rød Curry",
    "subtitle": "Fiks ferdig, 2 Porsjoner, 800 g",
    "category": {
      "sub": "Ferdige middagsretter Ny!",
      "parent": "Middager og tilbehør"
    },
    "price": { "price": 99, "unitPrice": 123.75, "unit": "kg", "qty": 0.8 }
  },
  {
    "title": "Lys lapskaus",
    "subtitle": "Fiks ferdig, 2 Porsjoner, 800 g",
    "category": {
      "sub": "Ferdige middagsretter Ny!",
      "parent": "Middager og tilbehør"
    },
    "price": { "price": 79.9, "unitPrice": 99.88, "unit": "kg", "qty": 0.8 }
  },
  {
    "title": "Tikka Masala",
    "subtitle": "Fiks ferdig, 2 Porsjoner, 800 g",
    "category": {
      "sub": "Ferdige middagsretter Ny!",
      "parent": "Middager og tilbehør"
    },
    "price": { "price": 89.9, "unitPrice": 112.38, "unit": "kg", "qty": 0.8 }
  },
  {
    "title": "Mac and cheese",
    "subtitle": "Fiks ferdig, 2 Porsjoner, 800 g",
    "category": {
      "sub": "Ferdige middagsretter Ny!",
      "parent": "Middager og tilbehør"
    },
    "price": { "price": 79.9, "unitPrice": 99.88, "unit": "kg", "qty": 0.8 }
  },
  {
    "title": "Butter Chicken",
    "subtitle": "450 g",
    "category": {
      "sub": "Ferdige middagsretter Ny!",
      "parent": "Middager og tilbehør"
    },
    "price": { "price": 49.9, "unitPrice": 77.62, "unit": "kg", "qty": 0.64 }
  },
  {
    "title": "Chicken Korma",
    "subtitle": "450 g",
    "category": {
      "sub": "Ferdige middagsretter Ny!",
      "parent": "Middager og tilbehør"
    },
    "price": { "price": 49.9, "unitPrice": 77.62, "unit": "kg", "qty": 0.64 }
  },
  {
    "title": "Red Chicken Curry",
    "subtitle": "450 g",
    "category": {
      "sub": "Ferdige middagsretter Ny!",
      "parent": "Middager og tilbehør"
    },
    "price": { "price": 49.9, "unitPrice": 77.62, "unit": "kg", "qty": 0.64 }
  },
  {
    "title": "Lasagne Bolognese",
    "subtitle": "400 g",
    "category": {
      "sub": "Ferdige middagsretter Ny!",
      "parent": "Middager og tilbehør"
    },
    "price": { "price": 49.9, "unitPrice": 87.33, "unit": "kg", "qty": 0.57 }
  },
  {
    "title": "Pasta Carbonara",
    "subtitle": "400 g",
    "category": {
      "sub": "Ferdige middagsretter Ny!",
      "parent": "Middager og tilbehør"
    },
    "price": { "price": 42.9, "unitPrice": 75.08, "unit": "kg", "qty": 0.57 }
  },
  {
    "title": "Veggie Lasagne",
    "subtitle": "400 g",
    "category": {
      "sub": "Ferdige middagsretter Ny!",
      "parent": "Middager og tilbehør"
    },
    "price": { "price": 39.9, "unitPrice": 69.83, "unit": "kg", "qty": 0.57 }
  },
  {
    "title": "Veggie Curry",
    "subtitle": "450 g",
    "category": {
      "sub": "Ferdige middagsretter Ny!",
      "parent": "Middager og tilbehør"
    },
    "price": { "price": 42.9, "unitPrice": 66.73, "unit": "kg", "qty": 0.64 }
  },
  {
    "title": "Suppe med Gulrøtter, Chili & Ingefær",
    "subtitle": "530 g",
    "category": {
      "sub": "Ferdige middagsretter Ny!",
      "parent": "Middager og tilbehør"
    },
    "price": { "price": 59.8, "unitPrice": 112.83, "unit": "kg", "qty": 0.53 }
  },
  {
    "title": "Suppe med Tomat, Squash & Basilikum",
    "subtitle": "530 g",
    "category": {
      "sub": "Ferdige middagsretter Ny!",
      "parent": "Middager og tilbehør"
    },
    "price": { "price": 57.8, "unitPrice": 109.06, "unit": "kg", "qty": 0.53 }
  },
  {
    "title": "Fiskesuppe",
    "subtitle": "500 g",
    "category": {
      "sub": "Ferdige middagsretter Ny!",
      "parent": "Middager og tilbehør"
    },
    "price": { "price": 76.4, "unitPrice": 152.8, "unit": "kg", "qty": 0.5 }
  },
  {
    "title": "Suppe med Kylling, Curry & Grønnsaker",
    "subtitle": "500 g",
    "category": {
      "sub": "Ferdige middagsretter Ny!",
      "parent": "Middager og tilbehør"
    },
    "price": { "price": 69.8, "unitPrice": 139.6, "unit": "kg", "qty": 0.5 }
  },
  {
    "title": "Suppe med Linser, Søtpotet, Gresskar og Spinat",
    "subtitle": "500 g",
    "category": {
      "sub": "Ferdige middagsretter Ny!",
      "parent": "Middager og tilbehør"
    },
    "price": { "price": 57.9, "unitPrice": 115.8, "unit": "kg", "qty": 0.5 }
  },
  {
    "title": "Blomkålsuppe Med Nepe & Persillerot",
    "subtitle": "530 g",
    "category": {
      "sub": "Ferdige middagsretter Ny!",
      "parent": "Middager og tilbehør"
    },
    "price": { "price": 53.4, "unitPrice": 100.75, "unit": "kg", "qty": 0.53 }
  },
  {
    "title": "Havna Fiskesuppe",
    "subtitle": "Base, 1 kg",
    "category": {
      "sub": "Ferdige middagsretter Ny!",
      "parent": "Middager og tilbehør"
    },
    "price": { "price": 94.5, "unitPrice": 94.5, "unit": "kg", "qty": 1 }
  },
  {
    "title": "Thai Curry Soup",
    "subtitle": "280 g",
    "category": {
      "sub": "Ferdige middagsretter Ny!",
      "parent": "Middager og tilbehør"
    },
    "price": { "price": 36.8, "unitPrice": 131.43, "unit": "kg", "qty": 0.28 }
  },
  {
    "title": "Gartnergryte",
    "subtitle": "Vegetar, 370 g",
    "category": {
      "sub": "Ferdige middagsretter Ny!",
      "parent": "Middager og tilbehør"
    },
    "price": { "price": 47.8, "unitPrice": 129.19, "unit": "kg", "qty": 0.37 }
  },
  {
    "title": "Bolognese",
    "subtitle": "Vegetar, 370 g",
    "category": {
      "sub": "Ferdige middagsretter Ny!",
      "parent": "Middager og tilbehør"
    },
    "price": { "price": 47, "unitPrice": 127.03, "unit": "kg", "qty": 0.37 }
  },
  {
    "title": "Chili sin carne",
    "subtitle": "370 g",
    "category": {
      "sub": "Ferdige middagsretter Ny!",
      "parent": "Middager og tilbehør"
    },
    "price": { "price": 47, "unitPrice": 127.03, "unit": "kg", "qty": 0.37 }
  },
  {
    "title": "Byggrynsgrøt",
    "subtitle": "370 g",
    "category": {
      "sub": "Ferdige middagsretter Ny!",
      "parent": "Middager og tilbehør"
    },
    "price": { "price": 24.4, "unitPrice": 65.95, "unit": "kg", "qty": 0.37 }
  },
  {
    "title": "Havregrøt",
    "subtitle": "1 porsjon, 370 g",
    "category": {
      "sub": "Ferdige middagsretter Ny!",
      "parent": "Middager og tilbehør"
    },
    "price": { "price": 20.8, "unitPrice": 56.22, "unit": "kg", "qty": 0.37 }
  },
  {
    "title": "Risgrøt",
    "subtitle": "460 g",
    "category": {
      "sub": "Ferdige middagsretter Ny!",
      "parent": "Middager og tilbehør"
    },
    "price": { "price": 23.9, "unitPrice": 51.96, "unit": "kg", "qty": 0.46 }
  },
  {
    "title": "Risgrøt",
    "subtitle": "970 g",
    "category": {
      "sub": "Ferdige middagsretter Ny!",
      "parent": "Middager og tilbehør"
    },
    "price": { "price": 37.3, "unitPrice": 38.45, "unit": "kg", "qty": 0.97 }
  },
  {
    "title": "Laktosefri Risgrøt",
    "subtitle": "400 g",
    "category": {
      "sub": "Ferdige middagsretter Ny!",
      "parent": "Middager og tilbehør"
    },
    "price": { "price": 30.9, "unitPrice": 77.25, "unit": "kg", "qty": 0.4 }
  },
  {
    "title": "Rømmegrøt",
    "subtitle": "350 g",
    "category": {
      "sub": "Ferdige middagsretter Ny!",
      "parent": "Middager og tilbehør"
    },
    "price": { "price": 27.2, "unitPrice": 77.71, "unit": "kg", "qty": 0.35 }
  },
  {
    "title": "Rømmegrøt",
    "subtitle": "800 g",
    "category": {
      "sub": "Ferdige middagsretter Ny!",
      "parent": "Middager og tilbehør"
    },
    "price": { "price": 51.6, "unitPrice": 64.5, "unit": "kg", "qty": 0.8 }
  },
  {
    "title": "Risgrøt Velbekomme",
    "subtitle": "385 g",
    "category": {
      "sub": "Ferdige middagsretter Ny!",
      "parent": "Middager og tilbehør"
    },
    "price": { "price": 35.8, "unitPrice": 92.99, "unit": "kg", "qty": 0.38 }
  },
  {
    "title": "Laktosefri Risgrøt",
    "subtitle": "385 g",
    "category": {
      "sub": "Ferdige middagsretter Ny!",
      "parent": "Middager og tilbehør"
    },
    "price": { "price": 38.8, "unitPrice": 100.78, "unit": "kg", "qty": 0.38 }
  },
  {
    "title": "Risengrynsgraut",
    "subtitle": "900 g",
    "category": {
      "sub": "Ferdige middagsretter Ny!",
      "parent": "Middager og tilbehør"
    },
    "price": { "price": 17.9, "unitPrice": 19.89, "unit": "kg", "qty": 0.9 }
  },
  {
    "title": "Kjøttsuppe",
    "subtitle": "350 g",
    "category": {
      "sub": "Ferdige middagsretter Ny!",
      "parent": "Middager og tilbehør"
    },
    "price": { "price": 42.4, "unitPrice": 121.14, "unit": "kg", "qty": 0.35 }
  },
  {
    "title": "Fjordland Kjøttkaker med kålstuing",
    "subtitle": "491 g",
    "category": {
      "sub": "Ferdige middagsretter Ny!",
      "parent": "Middager og tilbehør"
    },
    "price": { "price": 69.2, "unitPrice": 140.94, "unit": "kg", "qty": 0.49 }
  },
  {
    "title": "Lys Lapskaus",
    "subtitle": "450 g",
    "category": {
      "sub": "Ferdige middagsretter Ny!",
      "parent": "Middager og tilbehør"
    },
    "price": { "price": 65.7, "unitPrice": 146, "unit": "kg", "qty": 0.45 }
  },
  {
    "title": "Fiskesuppe med Creme Fraiche & Urter",
    "subtitle": "350 g",
    "category": {
      "sub": "Ferdige middagsretter Ny!",
      "parent": "Middager og tilbehør"
    },
    "price": { "price": 43.9, "unitPrice": 125.43, "unit": "kg", "qty": 0.35 }
  },
  {
    "title": "Kokt Laks med Urtesaus, Gulrot & Poteter",
    "subtitle": "500 g",
    "category": {
      "sub": "Ferdige middagsretter Ny!",
      "parent": "Middager og tilbehør"
    },
    "price": { "price": 97.5, "unitPrice": 195, "unit": "kg", "qty": 0.5 }
  },
  {
    "title": "Torsk i Purreløksaus",
    "subtitle": "Gulrøtter og Poteter, 550 g",
    "category": {
      "sub": "Ferdige middagsretter Ny!",
      "parent": "Middager og tilbehør"
    },
    "price": { "price": 64.8, "unitPrice": 117.82, "unit": "kg", "qty": 0.55 }
  },
  {
    "title": "Fiskeboller i Hvit Saus",
    "subtitle": "500 g",
    "category": {
      "sub": "Ferdige middagsretter Ny!",
      "parent": "Middager og tilbehør"
    },
    "price": { "price": 62.4, "unitPrice": 124.8, "unit": "kg", "qty": 0.5 }
  },
  {
    "title": "Laks og Pasta",
    "subtitle": "350 g",
    "category": {
      "sub": "Ferdige middagsretter Ny!",
      "parent": "Middager og tilbehør"
    },
    "price": { "price": 49.8, "unitPrice": 142.29, "unit": "kg", "qty": 0.35 }
  },
  {
    "title": "Pasta Penne",
    "subtitle": "470 g",
    "category": {
      "sub": "Ferdige middagsretter Ny!",
      "parent": "Middager og tilbehør"
    },
    "price": { "price": 63.4, "unitPrice": 134.89, "unit": "kg", "qty": 0.47 }
  },
  {
    "title": "Pasta med Ost & Skinkesaus",
    "subtitle": "350 g",
    "category": {
      "sub": "Ferdige middagsretter Ny!",
      "parent": "Middager og tilbehør"
    },
    "price": { "price": 47.4, "unitPrice": 135.43, "unit": "kg", "qty": 0.35 }
  },
  {
    "title": "Kylling og Ris",
    "subtitle": "330 g",
    "category": {
      "sub": "Ferdige middagsretter Ny!",
      "parent": "Middager og tilbehør"
    },
    "price": { "price": 55.4, "unitPrice": 167.88, "unit": "kg", "qty": 0.33 }
  },
  {
    "title": "Indisk grønnsaksgryte",
    "subtitle": "Vegetar, 330 g",
    "category": {
      "sub": "Ferdige middagsretter Ny!",
      "parent": "Middager og tilbehør"
    },
    "price": { "price": 49.8, "unitPrice": 150.91, "unit": "kg", "qty": 0.33 }
  },
  {
    "title": "Sunt & Godt Kjøttboller i Tomatsaus",
    "subtitle": "med Fullkornpasta, 480 g",
    "category": {
      "sub": "Ferdige middagsretter Ny!",
      "parent": "Middager og tilbehør"
    },
    "price": { "price": 76.6, "unitPrice": 159.58, "unit": "kg", "qty": 0.48 }
  },
  {
    "title": "Sunt & Godt kyllingbryst",
    "subtitle": "490 g",
    "category": {
      "sub": "Ferdige middagsretter Ny!",
      "parent": "Middager og tilbehør"
    },
    "price": { "price": 94.9, "unitPrice": 193.67, "unit": "kg", "qty": 0.49 }
  },
  {
    "title": "Red Curry",
    "subtitle": "460 g",
    "category": {
      "sub": "Ferdige middagsretter Ny!",
      "parent": "Middager og tilbehør"
    },
    "price": { "price": 77.9, "unitPrice": 169.35, "unit": "kg", "qty": 0.46 }
  },
  {
    "title": "Kyllinggryte Sweet & Sour",
    "subtitle": "Med Jasminris, 460 g",
    "category": {
      "sub": "Ferdige middagsretter Ny!",
      "parent": "Middager og tilbehør"
    },
    "price": { "price": 52.8, "unitPrice": 114.78, "unit": "kg", "qty": 0.46 }
  },
  {
    "title": "Svenske Kjøttboller",
    "subtitle": "566 g",
    "category": {
      "sub": "Ferdige middagsretter Ny!",
      "parent": "Middager og tilbehør"
    },
    "price": { "price": 69.6, "unitPrice": 122.97, "unit": "kg", "qty": 0.57 }
  },
  {
    "title": "Kjøttkaker med Ertestuing",
    "subtitle": "605 g",
    "category": {
      "sub": "Ferdige middagsretter Ny!",
      "parent": "Middager og tilbehør"
    },
    "price": { "price": 64.2, "unitPrice": 106.12, "unit": "kg", "qty": 0.6 }
  },
  {
    "title": "Kjøttkaker med Gulrøtter og Poteter",
    "subtitle": "Liten Porsjon, 355 g",
    "category": {
      "sub": "Ferdige middagsretter Ny!",
      "parent": "Middager og tilbehør"
    },
    "price": { "price": 52.4, "unitPrice": 147.61, "unit": "kg", "qty": 0.35 }
  },
  {
    "title": "Biff Stroganoff Med Ris",
    "subtitle": "460 g",
    "category": {
      "sub": "Ferdige middagsretter Ny!",
      "parent": "Middager og tilbehør"
    },
    "price": { "price": 59.8, "unitPrice": 130, "unit": "kg", "qty": 0.46 }
  },
  {
    "title": "Oksekjøtt i Saus",
    "subtitle": "580 g",
    "category": {
      "sub": "Ferdige middagsretter Ny!",
      "parent": "Middager og tilbehør"
    },
    "price": { "price": 83.9, "unitPrice": 144.66, "unit": "kg", "qty": 0.58 }
  },
  {
    "title": "Svinestek",
    "subtitle": "580 g",
    "category": {
      "sub": "Ferdige middagsretter Ny!",
      "parent": "Middager og tilbehør"
    },
    "price": { "price": 81.9, "unitPrice": 141.21, "unit": "kg", "qty": 0.58 }
  },
  {
    "title": "Biffsnadder med Krydderpoteter & Bearnaisesaus",
    "subtitle": "490 g",
    "category": {
      "sub": "Ferdige middagsretter Ny!",
      "parent": "Middager og tilbehør"
    },
    "price": { "price": 100.2, "unitPrice": 204.49, "unit": "kg", "qty": 0.49 }
  },
  {
    "title": "Komler / Raspeballer / Komper",
    "subtitle": "600 g",
    "category": {
      "sub": "Ferdige middagsretter Ny!",
      "parent": "Middager og tilbehør"
    },
    "price": { "price": 78.8, "unitPrice": 131.33, "unit": "kg", "qty": 0.6 }
  },
  {
    "title": "Fransk Biffgryte",
    "subtitle": "450 g",
    "category": {
      "sub": "Ferdige middagsretter Ny!",
      "parent": "Middager og tilbehør"
    },
    "price": { "price": 77.4, "unitPrice": 172, "unit": "kg", "qty": 0.45 }
  },
  {
    "title": "Fransk Kyllinggryte",
    "subtitle": "430 g",
    "category": {
      "sub": "Ferdige middagsretter Ny!",
      "parent": "Middager og tilbehør"
    },
    "price": { "price": 85.9, "unitPrice": 199.77, "unit": "kg", "qty": 0.43 }
  },
  {
    "title": "Brimis Middagskaker",
    "subtitle": "565 g",
    "category": {
      "sub": "Ferdige middagsretter Ny!",
      "parent": "Middager og tilbehør"
    },
    "price": { "price": 70.9, "unitPrice": 125.49, "unit": "kg", "qty": 0.56 }
  },
  {
    "title": "Tikka Masala Kylling",
    "subtitle": "450 g",
    "category": {
      "sub": "Ferdige middagsretter Ny!",
      "parent": "Middager og tilbehør"
    },
    "price": { "price": 66.8, "unitPrice": 148.44, "unit": "kg", "qty": 0.45 }
  },
  {
    "title": "Pasta Cheese & Bacon",
    "subtitle": "270 g",
    "category": {
      "sub": "Ferdige middagsretter Ny!",
      "parent": "Middager og tilbehør"
    },
    "price": { "price": 35.8, "unitPrice": 132.59, "unit": "kg", "qty": 0.27 }
  },
  {
    "title": "Yellow Curry",
    "subtitle": "270 g",
    "category": {
      "sub": "Ferdige middagsretter Ny!",
      "parent": "Middager og tilbehør"
    },
    "price": { "price": 37.8, "unitPrice": 140, "unit": "kg", "qty": 0.27 }
  },
  {
    "title": "Thai Kylling Peanut",
    "subtitle": "350 g",
    "category": {
      "sub": "Ferdige middagsretter Ny!",
      "parent": "Middager og tilbehør"
    },
    "price": { "price": 47.1, "unitPrice": 134.57, "unit": "kg", "qty": 0.35 }
  },
  {
    "title": "Thai Chicken Red Curry",
    "subtitle": "350 g",
    "category": {
      "sub": "Ferdige middagsretter Ny!",
      "parent": "Middager og tilbehør"
    },
    "price": { "price": 48, "unitPrice": 137.14, "unit": "kg", "qty": 0.35 }
  },
  {
    "title": "Kylling Tikka Masala",
    "subtitle": "350 g",
    "category": {
      "sub": "Ferdige middagsretter Ny!",
      "parent": "Middager og tilbehør"
    },
    "price": { "price": 43.5, "unitPrice": 124.29, "unit": "kg", "qty": 0.35 }
  },
  {
    "title": "Mac'n'Cheese",
    "subtitle": "385 g",
    "category": {
      "sub": "Ferdige middagsretter Ny!",
      "parent": "Middager og tilbehør"
    },
    "price": { "price": 55.3, "unitPrice": 143.64, "unit": "kg", "qty": 0.38 }
  },
  {
    "title": "Vegetable Lasagne",
    "subtitle": "500 g",
    "category": {
      "sub": "Ferdige middagsretter Ny!",
      "parent": "Middager og tilbehør"
    },
    "price": { "price": 35.9, "unitPrice": 71.8, "unit": "kg", "qty": 0.5 }
  },
  {
    "title": "Tomatsuppe",
    "subtitle": "91 g",
    "category": { "sub": "Supper", "parent": "Middager og tilbehør" },
    "price": { "price": 18.2, "unitPrice": 200, "unit": "kg", "qty": 0.09 }
  },
  {
    "title": "Tomatsuppe med Makaroni",
    "subtitle": "119 g",
    "category": { "sub": "Supper", "parent": "Middager og tilbehør" },
    "price": { "price": 21.6, "unitPrice": 181.51, "unit": "kg", "qty": 0.12 }
  },
  {
    "title": "Kremet blomkålsuppe",
    "subtitle": "65 g",
    "category": { "sub": "Supper", "parent": "Middager og tilbehør" },
    "price": { "price": 21.8, "unitPrice": 335.38, "unit": "kg", "qty": 0.07 }
  },
  {
    "title": "Blomkål & Brokkolisuppe",
    "subtitle": "64 g",
    "category": { "sub": "Supper", "parent": "Middager og tilbehør" },
    "price": { "price": 32.8, "unitPrice": 512.5, "unit": "kg", "qty": 0.06 }
  },
  {
    "title": "Grønnsaksuppe",
    "subtitle": "47 g",
    "category": { "sub": "Supper", "parent": "Middager og tilbehør" },
    "price": { "price": 25.4, "unitPrice": 540.43, "unit": "kg", "qty": 0.05 }
  },
  {
    "title": "Spinatsuppe Kremet",
    "subtitle": "79 g",
    "category": { "sub": "Supper", "parent": "Middager og tilbehør" },
    "price": { "price": 28.4, "unitPrice": 359.49, "unit": "kg", "qty": 0.08 }
  },
  {
    "title": "Kjøttsuppe med Grønnsaker",
    "subtitle": "81 g",
    "category": { "sub": "Supper", "parent": "Middager og tilbehør" },
    "price": { "price": 33.8, "unitPrice": 417.28, "unit": "kg", "qty": 0.08 }
  },
  {
    "title": "Betasuppe",
    "subtitle": "112 g",
    "category": { "sub": "Supper", "parent": "Middager og tilbehør" },
    "price": { "price": 25.8, "unitPrice": 230.36, "unit": "kg", "qty": 0.11 }
  },
  {
    "title": "Meksikansk tomatsuppe",
    "subtitle": "100 g",
    "category": { "sub": "Supper", "parent": "Middager og tilbehør" },
    "price": { "price": 23.2, "unitPrice": 232, "unit": "kg", "qty": 0.1 }
  },
  {
    "title": "Thaisuppe Red Curry",
    "subtitle": "84 g",
    "category": { "sub": "Supper", "parent": "Middager og tilbehør" },
    "price": { "price": 32.8, "unitPrice": 390.48, "unit": "kg", "qty": 0.08 }
  },
  {
    "title": "Gul ertesuppe",
    "subtitle": "146 g",
    "category": { "sub": "Supper", "parent": "Middager og tilbehør" },
    "price": { "price": 23.8, "unitPrice": 163.01, "unit": "kg", "qty": 0.15 }
  },
  {
    "title": "Bergensk Fiskesuppe",
    "subtitle": "81 g",
    "category": { "sub": "Supper", "parent": "Middager og tilbehør" },
    "price": { "price": 20.4, "unitPrice": 251.85, "unit": "kg", "qty": 0.08 }
  },
  {
    "title": "Lofoten fiskesuppe",
    "subtitle": "70 g",
    "category": { "sub": "Supper", "parent": "Middager og tilbehør" },
    "price": { "price": 21.8, "unitPrice": 311.43, "unit": "kg", "qty": 0.07 }
  },
  {
    "title": "Tomatsuppe Glutenfri",
    "subtitle": "73 g",
    "category": { "sub": "Supper", "parent": "Middager og tilbehør" },
    "price": { "price": 20.8, "unitPrice": 284.93, "unit": "kg", "qty": 0.07 }
  },
  {
    "title": "Glutenfri Blomkålsuppe",
    "subtitle": "52 g",
    "category": { "sub": "Supper", "parent": "Middager og tilbehør" },
    "price": { "price": 26.8, "unitPrice": 515.38, "unit": "kg", "qty": 0.05 }
  },
  {
    "title": "Blomkålsuppe Med Nepe & Persillerot",
    "subtitle": "530 g",
    "category": { "sub": "Supper", "parent": "Middager og tilbehør" },
    "price": { "price": 53.4, "unitPrice": 100.75, "unit": "kg", "qty": 0.53 }
  },
  {
    "title": "Fiskesuppe med Creme Fraiche & Urter",
    "subtitle": "350 g",
    "category": { "sub": "Supper", "parent": "Middager og tilbehør" },
    "price": { "price": 43.9, "unitPrice": 125.43, "unit": "kg", "qty": 0.35 }
  },
  {
    "title": "Kjøttsuppe",
    "subtitle": "350 g",
    "category": { "sub": "Supper", "parent": "Middager og tilbehør" },
    "price": { "price": 42.4, "unitPrice": 121.14, "unit": "kg", "qty": 0.35 }
  },
  {
    "title": "Suppe med Tomat, Squash & Basilikum",
    "subtitle": "530 g",
    "category": { "sub": "Supper", "parent": "Middager og tilbehør" },
    "price": { "price": 57.8, "unitPrice": 109.06, "unit": "kg", "qty": 0.53 }
  },
  {
    "title": "Suppe med Gulrøtter, Chili & Ingefær",
    "subtitle": "530 g",
    "category": { "sub": "Supper", "parent": "Middager og tilbehør" },
    "price": { "price": 59.8, "unitPrice": 112.83, "unit": "kg", "qty": 0.53 }
  },
  {
    "title": "Suppe med Linser, Søtpotet, Gresskar og Spinat",
    "subtitle": "500 g",
    "category": { "sub": "Supper", "parent": "Middager og tilbehør" },
    "price": { "price": 57.9, "unitPrice": 115.8, "unit": "kg", "qty": 0.5 }
  },
  {
    "title": "Fiskesuppe",
    "subtitle": "500 g",
    "category": { "sub": "Supper", "parent": "Middager og tilbehør" },
    "price": { "price": 76.4, "unitPrice": 152.8, "unit": "kg", "qty": 0.5 }
  },
  {
    "title": "Suppe med Kylling, Curry & Grønnsaker",
    "subtitle": "500 g",
    "category": { "sub": "Supper", "parent": "Middager og tilbehør" },
    "price": { "price": 69.8, "unitPrice": 139.6, "unit": "kg", "qty": 0.5 }
  },
  {
    "title": "Havna Fiskesuppe",
    "subtitle": "Base, 1 kg",
    "category": { "sub": "Supper", "parent": "Middager og tilbehør" },
    "price": { "price": 94.5, "unitPrice": 94.5, "unit": "kg", "qty": 1 }
  },
  {
    "title": "Blomkål- og Brokkolisuppe",
    "subtitle": "52 g",
    "category": { "sub": "Supper", "parent": "Middager og tilbehør" },
    "price": { "price": 24.9, "unitPrice": 478.85, "unit": "kg", "qty": 0.05 }
  },
  {
    "title": "Tomatsuppe økologisk",
    "subtitle": "570 ml",
    "category": { "sub": "Supper", "parent": "Middager og tilbehør" },
    "price": { "price": 59.9, "unitPrice": 105.09, "unit": "l", "qty": 0.57 }
  },
  {
    "title": "Minestronesuppe",
    "subtitle": "570 ml",
    "category": { "sub": "Supper", "parent": "Middager og tilbehør" },
    "price": { "price": 49.8, "unitPrice": 87.37, "unit": "l", "qty": 0.57 }
  },
  {
    "title": "Indian Currysuppe",
    "subtitle": "570 ml",
    "category": { "sub": "Supper", "parent": "Middager og tilbehør" },
    "price": { "price": 59.3, "unitPrice": 104.04, "unit": "l", "qty": 0.57 }
  },
  {
    "title": "Klar Grønnsaksuppe",
    "subtitle": "Rett i Koppen, 20 g",
    "category": { "sub": "Supper", "parent": "Middager og tilbehør" },
    "price": { "price": 14.1, "unitPrice": 705, "unit": "kg", "qty": 0.02 }
  },
  {
    "title": "Tomatsuppe",
    "subtitle": "Cup a Soup, 3 stk",
    "category": { "sub": "Supper", "parent": "Middager og tilbehør" },
    "price": { "price": 23.8, "unitPrice": 7.93, "unit": "stk", "qty": 3 }
  },
  {
    "title": "Blomkål & Brokkolisuppe",
    "subtitle": "Cup a Soup, 3 stk",
    "category": { "sub": "Supper", "parent": "Middager og tilbehør" },
    "price": { "price": 32.2, "unitPrice": 10.73, "unit": "stk", "qty": 3 }
  },
  {
    "title": "Minestronesuppe",
    "subtitle": "Cup a Soup, 3 stk",
    "category": { "sub": "Supper", "parent": "Middager og tilbehør" },
    "price": { "price": 23.8, "unitPrice": 7.93, "unit": "stk", "qty": 3 }
  },
  {
    "title": "Tomatsuppe med Mozzarella",
    "subtitle": "Rett i Koppen, 26 g",
    "category": { "sub": "Supper", "parent": "Middager og tilbehør" },
    "price": { "price": 13.6, "unitPrice": 523.08, "unit": "kg", "qty": 0.03 }
  },
  {
    "title": "Kyllingsuppe Kremet",
    "subtitle": "Rett i Koppen, 22 g",
    "category": { "sub": "Supper", "parent": "Middager og tilbehør" },
    "price": { "price": 13.8, "unitPrice": 627.27, "unit": "kg", "qty": 0.02 }
  },
  {
    "title": "Blomkål- & Brokkolisuppe",
    "subtitle": "Rett i Koppen, 20 g",
    "category": { "sub": "Supper", "parent": "Middager og tilbehør" },
    "price": { "price": 12.8, "unitPrice": 640, "unit": "kg", "qty": 0.02 }
  },
  {
    "title": "Potet Med Kjøtt",
    "subtitle": "Rett i Koppen, 50 g",
    "category": { "sub": "Supper", "parent": "Middager og tilbehør" },
    "price": { "price": 27.4, "unitPrice": 548, "unit": "kg", "qty": 0.05 }
  },
  {
    "title": "Sodd",
    "subtitle": "840 g",
    "category": { "sub": "Supper", "parent": "Middager og tilbehør" },
    "price": { "price": 38.9, "unitPrice": 46.31, "unit": "kg", "qty": 0.84 }
  },
  {
    "title": "Thai Curry Soup",
    "subtitle": "280 g",
    "category": { "sub": "Supper", "parent": "Middager og tilbehør" },
    "price": { "price": 36.8, "unitPrice": 131.43, "unit": "kg", "qty": 0.28 }
  },
  {
    "title": "Yellow Curry",
    "subtitle": "270 g",
    "category": { "sub": "Supper", "parent": "Middager og tilbehør" },
    "price": { "price": 37.8, "unitPrice": 140, "unit": "kg", "qty": 0.27 }
  },
  {
    "title": "Tomatsuppe Med Makaroni",
    "subtitle": "2pk, 246 g",
    "category": { "sub": "Supper", "parent": "Middager og tilbehør" },
    "price": { "price": 20.8, "unitPrice": 84.55, "unit": "kg", "qty": 0.25 }
  },
  {
    "title": "Spicy Søtpotetsuppe",
    "subtitle": "1 l",
    "category": { "sub": "Supper", "parent": "Middager og tilbehør" },
    "price": { "price": 49, "unitPrice": 49, "unit": "l", "qty": 1 }
  },
  {
    "title": "Grønnsaksuppe",
    "subtitle": "1 l",
    "category": { "sub": "Supper", "parent": "Middager og tilbehør" },
    "price": { "price": 39, "unitPrice": 39, "unit": "l", "qty": 1 }
  },
  {
    "title": "Thaisuppe",
    "subtitle": "1 kg",
    "category": { "sub": "Supper", "parent": "Middager og tilbehør" },
    "price": { "price": 49.9, "unitPrice": 49.9, "unit": "kg", "qty": 1 }
  },
  {
    "title": "Fiskesuppe",
    "subtitle": "1,2 kg",
    "category": { "sub": "Supper", "parent": "Middager og tilbehør" },
    "price": { "price": 49, "unitPrice": 40.83, "unit": "kg", "qty": 1.2 }
  },
  {
    "title": "Fruktsuppe",
    "subtitle": "1 l",
    "category": { "sub": "Supper", "parent": "Middager og tilbehør" },
    "price": { "price": 28.8, "unitPrice": 188.24, "unit": "kg", "qty": 0.15 }
  },
  {
    "title": "Bearnaisesaus",
    "subtitle": "Familiepakning, 4 stk",
    "category": { "sub": "Posesauser", "parent": "Middager og tilbehør" },
    "price": { "price": 31.4, "unitPrice": 7.85, "unit": "stk", "qty": 4 }
  },
  {
    "title": "Lett Bearnaisesaus",
    "subtitle": "21 g",
    "category": { "sub": "Posesauser", "parent": "Middager og tilbehør" },
    "price": { "price": 16.3, "unitPrice": 776.19, "unit": "kg", "qty": 0.02 }
  },
  {
    "title": "Bearnaisesaus",
    "subtitle": "29 g",
    "category": { "sub": "Posesauser", "parent": "Middager og tilbehør" },
    "price": { "price": 15.5, "unitPrice": 534.48, "unit": "kg", "qty": 0.03 }
  },
  {
    "title": "Bretagne Kyllingsaus Familiepakke",
    "subtitle": "4 stk",
    "category": { "sub": "Posesauser", "parent": "Middager og tilbehør" },
    "price": { "price": 39.8, "unitPrice": 9.95, "unit": "stk", "qty": 4 }
  },
  {
    "title": "Bretagne kyllingsaus",
    "subtitle": "27 g",
    "category": { "sub": "Posesauser", "parent": "Middager og tilbehør" },
    "price": { "price": 11.8, "unitPrice": 437.04, "unit": "kg", "qty": 0.03 }
  },
  {
    "title": "Kremet kyllingsaus",
    "subtitle": "30 g",
    "category": { "sub": "Posesauser", "parent": "Middager og tilbehør" },
    "price": { "price": 17.8, "unitPrice": 593.33, "unit": "kg", "qty": 0.03 }
  },
  {
    "title": "Kantarell & Sjampinjongsaus",
    "subtitle": "23 g",
    "category": { "sub": "Posesauser", "parent": "Middager og tilbehør" },
    "price": { "price": 21.8, "unitPrice": 947.83, "unit": "kg", "qty": 0.02 }
  },
  {
    "title": "Fløtesaus",
    "subtitle": "50 g",
    "category": { "sub": "Posesauser", "parent": "Middager og tilbehør" },
    "price": { "price": 16.8, "unitPrice": 336, "unit": "kg", "qty": 0.05 }
  },
  {
    "title": "Kjøttkakesaus",
    "subtitle": "Økonomipakke, 4 poser, 180 g",
    "category": { "sub": "Posesauser", "parent": "Middager og tilbehør" },
    "price": { "price": 26.8, "unitPrice": 148.89, "unit": "kg", "qty": 0.18 }
  },
  {
    "title": "Kjøttkakesaus",
    "subtitle": "45 g",
    "category": { "sub": "Posesauser", "parent": "Middager og tilbehør" },
    "price": { "price": 16.2, "unitPrice": 360, "unit": "kg", "qty": 0.04 }
  },
  {
    "title": "Sjysaus",
    "subtitle": "15 g",
    "category": { "sub": "Posesauser", "parent": "Middager og tilbehør" },
    "price": { "price": 13.2, "unitPrice": 880, "unit": "kg", "qty": 0.01 }
  },
  {
    "title": "Peppersaus",
    "subtitle": "Økonomipakke, 4 poser, 84 g",
    "category": { "sub": "Posesauser", "parent": "Middager og tilbehør" },
    "price": { "price": 37, "unitPrice": 440.48, "unit": "kg", "qty": 0.08 }
  },
  {
    "title": "Peppersaus",
    "subtitle": "30 g",
    "category": { "sub": "Posesauser", "parent": "Middager og tilbehør" },
    "price": { "price": 12.6, "unitPrice": 420, "unit": "kg", "qty": 0.03 }
  },
  {
    "title": "Brun saus uten løk",
    "subtitle": "44 g",
    "category": { "sub": "Posesauser", "parent": "Middager og tilbehør" },
    "price": { "price": 11.9, "unitPrice": 270.45, "unit": "kg", "qty": 0.04 }
  },
  {
    "title": "Brun Saus med Løk",
    "subtitle": "47 g",
    "category": { "sub": "Posesauser", "parent": "Middager og tilbehør" },
    "price": { "price": 11.6, "unitPrice": 246.81, "unit": "kg", "qty": 0.05 }
  },
  {
    "title": "Rødvinsaus Original",
    "subtitle": "31 g",
    "category": { "sub": "Posesauser", "parent": "Middager og tilbehør" },
    "price": { "price": 21.6, "unitPrice": 696.77, "unit": "kg", "qty": 0.03 }
  },
  {
    "title": "Viltsaus",
    "subtitle": "43 g",
    "category": { "sub": "Posesauser", "parent": "Middager og tilbehør" },
    "price": { "price": 16.8, "unitPrice": 390.7, "unit": "kg", "qty": 0.04 }
  },
  {
    "title": "Saus til Stek",
    "subtitle": "37 g",
    "category": { "sub": "Posesauser", "parent": "Middager og tilbehør" },
    "price": { "price": 21.8, "unitPrice": 589.19, "unit": "kg", "qty": 0.04 }
  },
  {
    "title": "Lammesaus Med Urter & Rødvin",
    "subtitle": "42 g",
    "category": { "sub": "Posesauser", "parent": "Middager og tilbehør" },
    "price": { "price": 20.4, "unitPrice": 485.71, "unit": "kg", "qty": 0.04 }
  },
  {
    "title": "Spaghettisaus",
    "subtitle": "Økonomipakke, 4 poser, 216 g",
    "category": { "sub": "Posesauser", "parent": "Middager og tilbehør" },
    "price": { "price": 37, "unitPrice": 171.3, "unit": "kg", "qty": 0.22 }
  },
  {
    "title": "Hollandaisesaus",
    "subtitle": "26 g",
    "category": { "sub": "Posesauser", "parent": "Middager og tilbehør" },
    "price": { "price": 17.4, "unitPrice": 669.23, "unit": "kg", "qty": 0.03 }
  },
  {
    "title": "Sandefjordsmør Original",
    "subtitle": "29 g",
    "category": { "sub": "Posesauser", "parent": "Middager og tilbehør" },
    "price": { "price": 21.6, "unitPrice": 744.83, "unit": "kg", "qty": 0.03 }
  },
  {
    "title": "Lofoten fiskesaus",
    "subtitle": "40 g",
    "category": { "sub": "Posesauser", "parent": "Middager og tilbehør" },
    "price": { "price": 19.8, "unitPrice": 495, "unit": "kg", "qty": 0.04 }
  },
  {
    "title": "Hvit saus",
    "subtitle": "38 g",
    "category": { "sub": "Posesauser", "parent": "Middager og tilbehør" },
    "price": { "price": 9.9, "unitPrice": 260.53, "unit": "kg", "qty": 0.04 }
  },
  {
    "title": "Carbonara Pastasaus",
    "subtitle": "29 g",
    "category": { "sub": "Posesauser", "parent": "Middager og tilbehør" },
    "price": { "price": 24.2, "unitPrice": 834.48, "unit": "kg", "qty": 0.03 }
  },
  {
    "title": "Kjøttdeigsaus",
    "subtitle": "45 g",
    "category": { "sub": "Posesauser", "parent": "Middager og tilbehør" },
    "price": { "price": 18.8, "unitPrice": 417.78, "unit": "kg", "qty": 0.04 }
  },
  {
    "title": "Spaghettisaus Original",
    "subtitle": "52,5 g",
    "category": { "sub": "Posesauser", "parent": "Middager og tilbehør" },
    "price": { "price": 14.1, "unitPrice": 268.57, "unit": "kg", "qty": 0.05 }
  },
  {
    "title": "Brun Saus",
    "subtitle": "Glutenfri, 32 g",
    "category": { "sub": "Posesauser", "parent": "Middager og tilbehør" },
    "price": { "price": 19.8, "unitPrice": 618.75, "unit": "kg", "qty": 0.03 }
  },
  {
    "title": "Glutenfri Hvit Saus",
    "subtitle": "19 g",
    "category": { "sub": "Posesauser", "parent": "Middager og tilbehør" },
    "price": { "price": 17.4, "unitPrice": 915.79, "unit": "kg", "qty": 0.02 }
  },
  {
    "title": "Pastasaus Carbonara 27 gr",
    "subtitle": "3 stk",
    "category": { "sub": "Posesauser", "parent": "Middager og tilbehør" },
    "price": { "price": 19.8, "unitPrice": 6.6, "unit": "stk", "qty": 3 }
  },
  {
    "title": "Peppersaus 28 gram",
    "subtitle": "3 stk",
    "category": { "sub": "Posesauser", "parent": "Middager og tilbehør" },
    "price": { "price": 18.9, "unitPrice": 6.3, "unit": "stk", "qty": 3 }
  },
  {
    "title": "Bearnaisesaus 19 gram",
    "subtitle": "3 stk",
    "category": { "sub": "Posesauser", "parent": "Middager og tilbehør" },
    "price": { "price": 24.4, "unitPrice": 8.13, "unit": "stk", "qty": 3 }
  },
  {
    "title": "Urtesaus",
    "subtitle": "35 g",
    "category": { "sub": "Posesauser", "parent": "Middager og tilbehør" },
    "price": { "price": 19.6, "unitPrice": 560, "unit": "kg", "qty": 0.04 }
  },
  {
    "title": "Bearnaisesaus",
    "subtitle": "4 stk",
    "category": { "sub": "Posesauser", "parent": "Middager og tilbehør" },
    "price": { "price": 12.2, "unitPrice": 3.05, "unit": "stk", "qty": 4 }
  },
  {
    "title": "Kjøttkakesaus",
    "subtitle": "4pk, 4 stk",
    "category": { "sub": "Posesauser", "parent": "Middager og tilbehør" },
    "price": { "price": 12.5, "unitPrice": 3.13, "unit": "stk", "qty": 3.99 }
  },
  {
    "title": "Pesto Alla Genovese",
    "subtitle": "190 g",
    "category": { "sub": "Ferdigsauser", "parent": "Middager og tilbehør" },
    "price": { "price": 34.8, "unitPrice": 183.16, "unit": "kg", "qty": 0.19 }
  },
  {
    "title": "Basilico",
    "subtitle": "400 g",
    "category": { "sub": "Ferdigsauser", "parent": "Middager og tilbehør" },
    "price": { "price": 30, "unitPrice": 75, "unit": "kg", "qty": 0.4 }
  },
  {
    "title": "Classico, Italiensk Tomatsaus med Urter",
    "subtitle": "400 g",
    "category": { "sub": "Ferdigsauser", "parent": "Middager og tilbehør" },
    "price": { "price": 29.7, "unitPrice": 74.25, "unit": "kg", "qty": 0.4 }
  },
  {
    "title": "Pastasaus Tomat",
    "subtitle": "300 g",
    "category": { "sub": "Ferdigsauser", "parent": "Middager og tilbehør" },
    "price": { "price": 32.6, "unitPrice": 108.67, "unit": "kg", "qty": 0.3 }
  },
  {
    "title": "Pastasaus med Basilikum",
    "subtitle": "300 g",
    "category": { "sub": "Ferdigsauser", "parent": "Middager og tilbehør" },
    "price": { "price": 32.6, "unitPrice": 108.67, "unit": "kg", "qty": 0.3 }
  },
  {
    "title": "Tomatsaus",
    "subtitle": "Soltørket tomat og basilikum, 350 g",
    "category": { "sub": "Ferdigsauser", "parent": "Middager og tilbehør" },
    "price": { "price": 55.6, "unitPrice": 158.86, "unit": "kg", "qty": 0.35 }
  },
  {
    "title": "Tomatsaus",
    "subtitle": "Oregano, timian og rosmarin, 350 g",
    "category": { "sub": "Ferdigsauser", "parent": "Middager og tilbehør" },
    "price": { "price": 55.6, "unitPrice": 158.86, "unit": "kg", "qty": 0.35 }
  },
  {
    "title": "Tomatsaus",
    "subtitle": "Oliven, soltørket tomat og oregano, 350 g",
    "category": { "sub": "Ferdigsauser", "parent": "Middager og tilbehør" },
    "price": { "price": 55.6, "unitPrice": 158.86, "unit": "kg", "qty": 0.35 }
  },
  {
    "title": "Tomatsaus",
    "subtitle": "Aubergine, paprika og fennikel, 390 g",
    "category": { "sub": "Ferdigsauser", "parent": "Middager og tilbehør" },
    "price": { "price": 57.5, "unitPrice": 147.44, "unit": "kg", "qty": 0.39 }
  },
  {
    "title": "Tomatsaus",
    "subtitle": "Chili, hvitløk og persille, 350 g",
    "category": { "sub": "Ferdigsauser", "parent": "Middager og tilbehør" },
    "price": { "price": 55.6, "unitPrice": 158.86, "unit": "kg", "qty": 0.35 }
  },
  {
    "title": "Aioli Kremet",
    "subtitle": "230 ml",
    "category": { "sub": "Ferdigsauser", "parent": "Middager og tilbehør" },
    "price": { "price": 36.3, "unitPrice": 157.83, "unit": "l", "qty": 0.23 }
  },
  {
    "title": "Bearnaise Hot",
    "subtitle": "230 ml",
    "category": { "sub": "Ferdigsauser", "parent": "Middager og tilbehør" },
    "price": { "price": 37.3, "unitPrice": 162.17, "unit": "l", "qty": 0.23 }
  },
  {
    "title": "Eriks Bearnaise",
    "subtitle": "230 ml",
    "category": { "sub": "Ferdigsauser", "parent": "Middager og tilbehør" },
    "price": { "price": 39.3, "unitPrice": 170.87, "unit": "l", "qty": 0.23 }
  },
  {
    "title": "Eriks Peppersaus",
    "subtitle": "230 ml",
    "category": { "sub": "Ferdigsauser", "parent": "Middager og tilbehør" },
    "price": { "price": 39.3, "unitPrice": 170.87, "unit": "l", "qty": 0.23 }
  },
  {
    "title": "Eriks Aioli Med Lime",
    "subtitle": "230 ml",
    "category": { "sub": "Ferdigsauser", "parent": "Middager og tilbehør" },
    "price": { "price": 39.3, "unitPrice": 170.87, "unit": "l", "qty": 0.23 }
  },
  {
    "title": "Arrabbiata Pastasaus",
    "subtitle": "400 g",
    "category": { "sub": "Ferdigsauser", "parent": "Middager og tilbehør" },
    "price": { "price": 31.1, "unitPrice": 77.75, "unit": "kg", "qty": 0.4 }
  },
  {
    "title": "Hvitløk Tomatsaus",
    "subtitle": "400 g",
    "category": { "sub": "Ferdigsauser", "parent": "Middager og tilbehør" },
    "price": { "price": 31.1, "unitPrice": 77.75, "unit": "kg", "qty": 0.4 }
  },
  {
    "title": "Pastasaus Bolognese",
    "subtitle": "400 g",
    "category": { "sub": "Ferdigsauser", "parent": "Middager og tilbehør" },
    "price": { "price": 42.6, "unitPrice": 106.5, "unit": "kg", "qty": 0.4 }
  },
  {
    "title": "Ketsjup",
    "subtitle": "300 g",
    "category": { "sub": "Ferdigsauser", "parent": "Middager og tilbehør" },
    "price": { "price": 52.2, "unitPrice": 174, "unit": "kg", "qty": 0.3 }
  },
  {
    "title": "Pastasaus Arrabbiata",
    "subtitle": "Økologisk, 380 g",
    "category": { "sub": "Ferdigsauser", "parent": "Middager og tilbehør" },
    "price": { "price": 36.3, "unitPrice": 95.53, "unit": "kg", "qty": 0.38 }
  },
  {
    "title": "Pastasaus Mild",
    "subtitle": "Økologisk, 380 g",
    "category": { "sub": "Ferdigsauser", "parent": "Middager og tilbehør" },
    "price": { "price": 36.4, "unitPrice": 95.79, "unit": "kg", "qty": 0.38 }
  },
  {
    "title": "Pastasaus Bolognese",
    "subtitle": "Økologisk, 350 g",
    "category": { "sub": "Ferdigsauser", "parent": "Middager og tilbehør" },
    "price": { "price": 42.5, "unitPrice": 121.43, "unit": "kg", "qty": 0.35 }
  },
  {
    "title": "Dolmio Pastasaus",
    "subtitle": "Intens Hvitløk, 500 g",
    "category": { "sub": "Ferdigsauser", "parent": "Middager og tilbehør" },
    "price": { "price": 24.8, "unitPrice": 49.6, "unit": "kg", "qty": 0.5 }
  },
  {
    "title": "Classico Pastasaus",
    "subtitle": "500 g",
    "category": { "sub": "Ferdigsauser", "parent": "Middager og tilbehør" },
    "price": { "price": 27.9, "unitPrice": 55.8, "unit": "kg", "qty": 0.5 }
  },
  {
    "title": "Pastasaus Al Forne",
    "subtitle": "500 g",
    "category": { "sub": "Ferdigsauser", "parent": "Middager og tilbehør" },
    "price": { "price": 34.8, "unitPrice": 69.6, "unit": "kg", "qty": 0.5 }
  },
  {
    "title": "Bearnaise Kjølt",
    "subtitle": "300 g",
    "category": { "sub": "Ferdigsauser", "parent": "Middager og tilbehør" },
    "price": { "price": 31.8, "unitPrice": 106, "unit": "kg", "qty": 0.3 }
  },
  {
    "title": "Peppersaus Kjølt",
    "subtitle": "300 g",
    "category": { "sub": "Ferdigsauser", "parent": "Middager og tilbehør" },
    "price": { "price": 32.9, "unitPrice": 109.67, "unit": "kg", "qty": 0.3 }
  },
  {
    "title": "Peppersaus",
    "subtitle": "250 ml",
    "category": { "sub": "Ferdigsauser", "parent": "Middager og tilbehør" },
    "price": { "price": 30.5, "unitPrice": 122, "unit": "l", "qty": 0.25 }
  },
  {
    "title": "Kyllingkraft",
    "subtitle": "250 ml",
    "category": { "sub": "Ferdigsauser", "parent": "Middager og tilbehør" },
    "price": { "price": 34.2, "unitPrice": 136.8, "unit": "l", "qty": 0.25 }
  },
  {
    "title": "Grønn Pesto",
    "subtitle": "130 g",
    "category": { "sub": "Ferdigsauser", "parent": "Middager og tilbehør" },
    "price": { "price": 39.8, "unitPrice": 306.15, "unit": "kg", "qty": 0.13 }
  },
  {
    "title": "Grønn Pesto",
    "subtitle": "190 g",
    "category": { "sub": "Ferdigsauser", "parent": "Middager og tilbehør" },
    "price": { "price": 19.5, "unitPrice": 102.63, "unit": "kg", "qty": 0.19 }
  },
  {
    "title": "Gul Pesto",
    "subtitle": "130 g",
    "category": { "sub": "Ferdigsauser", "parent": "Middager og tilbehør" },
    "price": { "price": 40.3, "unitPrice": 310, "unit": "kg", "qty": 0.13 }
  },
  {
    "title": "Rød Pesto",
    "subtitle": "190 g",
    "category": { "sub": "Ferdigsauser", "parent": "Middager og tilbehør" },
    "price": { "price": 18.7, "unitPrice": 98.42, "unit": "kg", "qty": 0.19 }
  },
  {
    "title": "Pesto Rød Piccante",
    "subtitle": "130 g",
    "category": { "sub": "Ferdigsauser", "parent": "Middager og tilbehør" },
    "price": { "price": 40.1, "unitPrice": 308.46, "unit": "kg", "qty": 0.13 }
  },
  {
    "title": "Pesto Rosso",
    "subtitle": "190 g",
    "category": { "sub": "Ferdigsauser", "parent": "Middager og tilbehør" },
    "price": { "price": 36.8, "unitPrice": 193.68, "unit": "kg", "qty": 0.19 }
  },
  {
    "title": "Kalamataoliven Tapenade",
    "subtitle": "100 g",
    "category": { "sub": "Ferdigsauser", "parent": "Middager og tilbehør" },
    "price": { "price": 32.6, "unitPrice": 326, "unit": "kg", "qty": 0.1 }
  },
  {
    "title": "Soltørret Tomat Bruschetta",
    "subtitle": "100 g",
    "category": { "sub": "Ferdigsauser", "parent": "Middager og tilbehør" },
    "price": { "price": 32.6, "unitPrice": 326, "unit": "kg", "qty": 0.1 }
  },
  {
    "title": "Nirus Tandoori Paste",
    "subtitle": "200 g",
    "category": { "sub": "Ferdigsauser", "parent": "Middager og tilbehør" },
    "price": { "price": 41.5, "unitPrice": 207.5, "unit": "kg", "qty": 0.2 }
  },
  {
    "title": "Aioli",
    "subtitle": "250 g",
    "category": { "sub": "Ferdigsauser", "parent": "Middager og tilbehør" },
    "price": { "price": 15, "unitPrice": 60, "unit": "kg", "qty": 0.25 }
  },
  {
    "title": "Chili Aioli",
    "subtitle": "250 g",
    "category": { "sub": "Ferdigsauser", "parent": "Middager og tilbehør" },
    "price": { "price": 15, "unitPrice": 60, "unit": "kg", "qty": 0.25 }
  },
  {
    "title": "Bearnaise",
    "subtitle": "180 g",
    "category": { "sub": "Ferdigsauser", "parent": "Middager og tilbehør" },
    "price": { "price": 22.6, "unitPrice": 125.56, "unit": "kg", "qty": 0.18 }
  },
  {
    "title": "Hollandaise",
    "subtitle": "180 g",
    "category": { "sub": "Ferdigsauser", "parent": "Middager og tilbehør" },
    "price": { "price": 10, "unitPrice": 55.56, "unit": "kg", "qty": 0.18 }
  },
  {
    "title": "Bearnaisesaus",
    "subtitle": "2,5 dl",
    "category": { "sub": "Ferdigsauser", "parent": "Middager og tilbehør" },
    "price": { "price": 33.8, "unitPrice": 135.2, "unit": "l", "qty": 0.25 }
  },
  {
    "title": "Pepper Ferdigsaus",
    "subtitle": "300 ml",
    "category": { "sub": "Ferdigsauser", "parent": "Middager og tilbehør" },
    "price": { "price": 37.3, "unitPrice": 124.33, "unit": "l", "qty": 0.3 }
  },
  {
    "title": "Champignon Ferdigsaus",
    "subtitle": "300 ml",
    "category": { "sub": "Ferdigsauser", "parent": "Middager og tilbehør" },
    "price": { "price": 41.1, "unitPrice": 137, "unit": "l", "qty": 0.3 }
  },
  {
    "title": "Hollandaise Ferdigsaus",
    "subtitle": "300 ml",
    "category": { "sub": "Ferdigsauser", "parent": "Middager og tilbehør" },
    "price": { "price": 42.7, "unitPrice": 142.33, "unit": "l", "qty": 0.3 }
  },
  {
    "title": "Bearnaise Ferdigsaus",
    "subtitle": "300 ml",
    "category": { "sub": "Ferdigsauser", "parent": "Middager og tilbehør" },
    "price": { "price": 37.4, "unitPrice": 124.67, "unit": "l", "qty": 0.3 }
  },
  {
    "title": "Kos Jordbærsaus",
    "subtitle": "250 g",
    "category": { "sub": "Ferdigsauser", "parent": "Middager og tilbehør" },
    "price": { "price": 22.8, "unitPrice": 91.2, "unit": "kg", "qty": 0.25 }
  },
  {
    "title": "Fersk Aioli",
    "subtitle": "1 dl",
    "category": { "sub": "Ferdigsauser", "parent": "Middager og tilbehør" },
    "price": { "price": 36.8, "unitPrice": 368, "unit": "l", "qty": 0.1 }
  },
  {
    "title": "Fersk Bearnaisesaus",
    "subtitle": "175 ml",
    "category": { "sub": "Ferdigsauser", "parent": "Middager og tilbehør" },
    "price": { "price": 35.8, "unitPrice": 204.57, "unit": "l", "qty": 0.18 }
  },
  {
    "title": "Fersk Tzatziki",
    "subtitle": "180 g",
    "category": { "sub": "Ferdigsauser", "parent": "Middager og tilbehør" },
    "price": { "price": 30, "unitPrice": 166.67, "unit": "kg", "qty": 0.18 }
  },
  {
    "title": "Fjordland Peppersaus",
    "subtitle": "2,5 dl",
    "category": { "sub": "Ferdigsauser", "parent": "Middager og tilbehør" },
    "price": { "price": 36, "unitPrice": 144, "unit": "l", "qty": 0.25 }
  },
  {
    "title": "Hummus",
    "subtitle": "Med Soltørkede Tomater, 275 g",
    "category": { "sub": "Ferdigsauser", "parent": "Middager og tilbehør" },
    "price": { "price": 46.2, "unitPrice": 168, "unit": "kg", "qty": 0.28 }
  },
  {
    "title": "Auberginesalat",
    "subtitle": "(Baba Ghannoughe), 150 g",
    "category": { "sub": "Ferdigsauser", "parent": "Middager og tilbehør" },
    "price": { "price": 34.6, "unitPrice": 230.67, "unit": "kg", "qty": 0.15 }
  },
  {
    "title": "Hummus",
    "subtitle": "Hot'n Spicy, 150 g",
    "category": { "sub": "Ferdigsauser", "parent": "Middager og tilbehør" },
    "price": { "price": 29, "unitPrice": 193.33, "unit": "kg", "qty": 0.15 }
  },
  {
    "title": "Hummus",
    "subtitle": "Orginal, 275 g",
    "category": { "sub": "Ferdigsauser", "parent": "Middager og tilbehør" },
    "price": { "price": 39.8, "unitPrice": 144.73, "unit": "kg", "qty": 0.27 }
  },
  {
    "title": "Hummus Med Grønne Erter",
    "subtitle": "150 g",
    "category": { "sub": "Ferdigsauser", "parent": "Middager og tilbehør" },
    "price": { "price": 27.3, "unitPrice": 182, "unit": "kg", "qty": 0.15 }
  },
  {
    "title": "Hummus Rødbet",
    "subtitle": "150 g",
    "category": { "sub": "Ferdigsauser", "parent": "Middager og tilbehør" },
    "price": { "price": 28.3, "unitPrice": 188.67, "unit": "kg", "qty": 0.15 }
  },
  {
    "title": "Lohmanders Kremet Bearnaisesaus",
    "subtitle": "230 ml",
    "category": { "sub": "Ferdigsauser", "parent": "Middager og tilbehør" },
    "price": { "price": 34.2, "unitPrice": 148.7, "unit": "l", "qty": 0.23 }
  },
  {
    "title": "Pastasaus",
    "subtitle": "500 g",
    "category": { "sub": "Ferdigsauser", "parent": "Middager og tilbehør" },
    "price": { "price": 12.3, "unitPrice": 24.6, "unit": "kg", "qty": 0.5 }
  },
  {
    "title": "Peppes Hvit Pizzasaus",
    "subtitle": "140 g",
    "category": { "sub": "Ferdigsauser", "parent": "Middager og tilbehør" },
    "price": { "price": 29.9, "unitPrice": 213.57, "unit": "kg", "qty": 0.14 }
  },
  {
    "title": "Pizzasaus",
    "subtitle": "400 g",
    "category": { "sub": "Ferdigsauser", "parent": "Middager og tilbehør" },
    "price": { "price": 18.8, "unitPrice": 47, "unit": "kg", "qty": 0.4 }
  },
  {
    "title": "Pizza Sauce",
    "subtitle": "400 g",
    "category": { "sub": "Ferdigsauser", "parent": "Middager og tilbehør" },
    "price": { "price": 18.9, "unitPrice": 47.25, "unit": "kg", "qty": 0.4 }
  },
  {
    "title": "Sennepsaus",
    "subtitle": "200 g",
    "category": { "sub": "Ferdigsauser", "parent": "Middager og tilbehør" },
    "price": { "price": 14.5, "unitPrice": 72.5, "unit": "kg", "qty": 0.2 }
  },
  {
    "title": "Fersk Totensalsa hakket kvassere",
    "subtitle": "sterk, 165 g",
    "category": { "sub": "Ferdigsauser", "parent": "Middager og tilbehør" },
    "price": { "price": 32.9, "unitPrice": 199.39, "unit": "kg", "qty": 0.17 }
  },
  {
    "title": "Totensalsa ælminnelig",
    "subtitle": "Mild, 165 g",
    "category": { "sub": "Ferdigsauser", "parent": "Middager og tilbehør" },
    "price": { "price": 32.9, "unitPrice": 199.39, "unit": "kg", "qty": 0.17 }
  },
  {
    "title": "Totensalsa kvass",
    "subtitle": "Medium, 165 g",
    "category": { "sub": "Ferdigsauser", "parent": "Middager og tilbehør" },
    "price": { "price": 32.9, "unitPrice": 199.39, "unit": "kg", "qty": 0.17 }
  },
  {
    "title": "Paradiso Ajvar",
    "subtitle": "350 g",
    "category": { "sub": "Ferdigsauser", "parent": "Middager og tilbehør" },
    "price": { "price": 44.8, "unitPrice": 128, "unit": "kg", "qty": 0.35 }
  },
  {
    "title": "Kimchi",
    "subtitle": "350 g",
    "category": { "sub": "Ferdigsauser", "parent": "Middager og tilbehør" },
    "price": { "price": 65.3, "unitPrice": 186.57, "unit": "kg", "qty": 0.35 }
  },
  {
    "title": "Guacamole",
    "subtitle": "150 g",
    "category": { "sub": "Ferdigsauser", "parent": "Middager og tilbehør" },
    "price": { "price": 34.5, "unitPrice": 230, "unit": "kg", "qty": 0.15 }
  },
  {
    "title": "Hummus Snackpack",
    "subtitle": "155 g",
    "category": { "sub": "Ferdigsauser", "parent": "Middager og tilbehør" },
    "price": { "price": 40.4, "unitPrice": 260.65, "unit": "kg", "qty": 0.15 }
  },
  {
    "title": "Karrisaus Med Kokos Og Eple",
    "subtitle": "250 ml",
    "category": { "sub": "Ferdigsauser", "parent": "Middager og tilbehør" },
    "price": { "price": 30.5, "unitPrice": 122, "unit": "l", "qty": 0.25 }
  },
  {
    "title": "Chicken Chili Bowl",
    "subtitle": "170 g",
    "category": {
      "sub": "Middags-kit og gryteretter",
      "parent": "Middager og tilbehør"
    },
    "price": { "price": 39.4, "unitPrice": 231.76, "unit": "kg", "qty": 0.17 }
  },
  {
    "title": "Chili Con Carne Bowl",
    "subtitle": "150 g",
    "category": {
      "sub": "Middags-kit og gryteretter",
      "parent": "Middager og tilbehør"
    },
    "price": { "price": 39.4, "unitPrice": 262.67, "unit": "kg", "qty": 0.15 }
  },
  {
    "title": "Lasagne",
    "subtitle": "200 g",
    "category": {
      "sub": "Middags-kit og gryteretter",
      "parent": "Middager og tilbehør"
    },
    "price": { "price": 34.7, "unitPrice": 173.5, "unit": "kg", "qty": 0.2 }
  },
  {
    "title": "Rømmegrøt",
    "subtitle": "186 g",
    "category": {
      "sub": "Middags-kit og gryteretter",
      "parent": "Middager og tilbehør"
    },
    "price": { "price": 21.8, "unitPrice": 117.2, "unit": "kg", "qty": 0.19 }
  },
  {
    "title": "Risengrøt",
    "subtitle": "Snarkokt, 148 g",
    "category": {
      "sub": "Middags-kit og gryteretter",
      "parent": "Middager og tilbehør"
    },
    "price": { "price": 24.8, "unitPrice": 167.57, "unit": "kg", "qty": 0.15 }
  },
  {
    "title": "Risgrøt",
    "subtitle": "800 g",
    "category": {
      "sub": "Middags-kit og gryteretter",
      "parent": "Middager og tilbehør"
    },
    "price": { "price": 26.9, "unitPrice": 33.63, "unit": "kg", "qty": 0.8 }
  },
  {
    "title": "Tikka Masala Indisk",
    "subtitle": "318 g",
    "category": {
      "sub": "Middags-kit og gryteretter",
      "parent": "Middager og tilbehør"
    },
    "price": { "price": 69.8, "unitPrice": 219.5, "unit": "kg", "qty": 0.32 }
  },
  {
    "title": "Indisk Tandoori Chicken",
    "subtitle": "Kit, 290 g",
    "category": {
      "sub": "Middags-kit og gryteretter",
      "parent": "Middager og tilbehør"
    },
    "price": { "price": 48.8, "unitPrice": 168.28, "unit": "kg", "qty": 0.29 }
  },
  {
    "title": "Tandoori Kyllinggryte",
    "subtitle": "80 g",
    "category": {
      "sub": "Middags-kit og gryteretter",
      "parent": "Middager og tilbehør"
    },
    "price": { "price": 36.6, "unitPrice": 457.5, "unit": "kg", "qty": 0.08 }
  },
  {
    "title": "Bali Kyllinggryte",
    "subtitle": "91 g",
    "category": {
      "sub": "Middags-kit og gryteretter",
      "parent": "Middager og tilbehør"
    },
    "price": { "price": 30.6, "unitPrice": 336.26, "unit": "kg", "qty": 0.09 }
  },
  {
    "title": "Gresk Moussaka",
    "subtitle": "Pulver, 136 g",
    "category": {
      "sub": "Middags-kit og gryteretter",
      "parent": "Middager og tilbehør"
    },
    "price": { "price": 41.4, "unitPrice": 304.41, "unit": "kg", "qty": 0.14 }
  },
  {
    "title": "Tomat Pølsegryte",
    "subtitle": "108 g",
    "category": {
      "sub": "Middags-kit og gryteretter",
      "parent": "Middager og tilbehør"
    },
    "price": { "price": 51.2, "unitPrice": 474.07, "unit": "kg", "qty": 0.11 }
  },
  {
    "title": "Italiensk Gryte",
    "subtitle": "176 g",
    "category": {
      "sub": "Middags-kit og gryteretter",
      "parent": "Middager og tilbehør"
    },
    "price": { "price": 38, "unitPrice": 215.91, "unit": "kg", "qty": 0.18 }
  },
  {
    "title": "Bolognesegryte Med Basilikum",
    "subtitle": "207 g",
    "category": {
      "sub": "Middags-kit og gryteretter",
      "parent": "Middager og tilbehør"
    },
    "price": { "price": 50.8, "unitPrice": 245.41, "unit": "kg", "qty": 0.21 }
  },
  {
    "title": "Lasagne Familiepakning",
    "subtitle": "320 g",
    "category": {
      "sub": "Middags-kit og gryteretter",
      "parent": "Middager og tilbehør"
    },
    "price": { "price": 44.6, "unitPrice": 139.38, "unit": "kg", "qty": 0.32 }
  },
  {
    "title": "Glutenfri Lasagne",
    "subtitle": "Familiepakning, 325 g",
    "category": {
      "sub": "Middags-kit og gryteretter",
      "parent": "Middager og tilbehør"
    },
    "price": { "price": 58.4, "unitPrice": 179.69, "unit": "kg", "qty": 0.33 }
  },
  {
    "title": "Lasagne",
    "subtitle": "Til 4 Porsjoner, 262 g",
    "category": {
      "sub": "Middags-kit og gryteretter",
      "parent": "Middager og tilbehør"
    },
    "price": { "price": 35, "unitPrice": 133.59, "unit": "kg", "qty": 0.26 }
  },
  {
    "title": "Indisk Gryte",
    "subtitle": "Tikka Masala, 113 g",
    "category": {
      "sub": "Middags-kit og gryteretter",
      "parent": "Middager og tilbehør"
    },
    "price": { "price": 31.6, "unitPrice": 279.65, "unit": "kg", "qty": 0.11 }
  },
  {
    "title": "Jegergryte",
    "subtitle": "106 g",
    "category": {
      "sub": "Middags-kit og gryteretter",
      "parent": "Middager og tilbehør"
    },
    "price": { "price": 34.9, "unitPrice": 329.25, "unit": "kg", "qty": 0.11 }
  },
  {
    "title": "Amerikansk Gryte",
    "subtitle": "187 g",
    "category": {
      "sub": "Middags-kit og gryteretter",
      "parent": "Middager og tilbehør"
    },
    "price": { "price": 28.6, "unitPrice": 152.94, "unit": "kg", "qty": 0.19 }
  },
  {
    "title": "Meksikansk Gryte",
    "subtitle": "Familiepakning, 284 g",
    "category": {
      "sub": "Middags-kit og gryteretter",
      "parent": "Middager og tilbehør"
    },
    "price": { "price": 40.6, "unitPrice": 142.96, "unit": "kg", "qty": 0.28 }
  },
  {
    "title": "Raspeballer",
    "subtitle": "206 g",
    "category": {
      "sub": "Middags-kit og gryteretter",
      "parent": "Middager og tilbehør"
    },
    "price": { "price": 33.9, "unitPrice": 164.56, "unit": "kg", "qty": 0.21 }
  },
  {
    "title": "Ertestuing Original",
    "subtitle": "167 g",
    "category": {
      "sub": "Middags-kit og gryteretter",
      "parent": "Middager og tilbehør"
    },
    "price": { "price": 25.1, "unitPrice": 150.3, "unit": "kg", "qty": 0.17 }
  },
  {
    "title": "Ertestuing Snarkokt",
    "subtitle": "164 g",
    "category": {
      "sub": "Middags-kit og gryteretter",
      "parent": "Middager og tilbehør"
    },
    "price": { "price": 23.6, "unitPrice": 143.9, "unit": "kg", "qty": 0.16 }
  },
  {
    "title": "Grøtris",
    "subtitle": "Familiepakning, 800 g",
    "category": {
      "sub": "Middags-kit og gryteretter",
      "parent": "Middager og tilbehør"
    },
    "price": { "price": 37.6, "unitPrice": 47, "unit": "kg", "qty": 0.8 }
  },
  {
    "title": "Pasta Di Parma Familie",
    "subtitle": "294 g",
    "category": {
      "sub": "Middags-kit og gryteretter",
      "parent": "Middager og tilbehør"
    },
    "price": { "price": 46.8, "unitPrice": 159.18, "unit": "kg", "qty": 0.29 }
  },
  {
    "title": "Toro Meksikansk Gryte",
    "subtitle": "Glutenfri, 183 g",
    "category": {
      "sub": "Middags-kit og gryteretter",
      "parent": "Middager og tilbehør"
    },
    "price": { "price": 36.9, "unitPrice": 201.64, "unit": "kg", "qty": 0.18 }
  },
  {
    "title": "Toro Pannekaker",
    "subtitle": "Glutenfri, 187 g",
    "category": {
      "sub": "Middags-kit og gryteretter",
      "parent": "Middager og tilbehør"
    },
    "price": { "price": 31.8, "unitPrice": 170.05, "unit": "kg", "qty": 0.19 }
  },
  {
    "title": "Fri Bali Gryte",
    "subtitle": "Glutenfri, 70 g",
    "category": {
      "sub": "Middags-kit og gryteretter",
      "parent": "Middager og tilbehør"
    },
    "price": { "price": 35.6, "unitPrice": 508.57, "unit": "kg", "qty": 0.07 }
  },
  {
    "title": "Toro Jegergryte",
    "subtitle": "Glutenfri, 90 g",
    "category": {
      "sub": "Middags-kit og gryteretter",
      "parent": "Middager og tilbehør"
    },
    "price": { "price": 37.8, "unitPrice": 420, "unit": "kg", "qty": 0.09 }
  },
  {
    "title": "Fullkornscouscous",
    "subtitle": "400 g",
    "category": { "sub": "Ris og gryn", "parent": "Middager og tilbehør" },
    "price": { "price": 29.8, "unitPrice": 74.5, "unit": "kg", "qty": 0.4 }
  },
  {
    "title": "Byggris",
    "subtitle": "Boil-in-bag, 300 g",
    "category": { "sub": "Ris og gryn", "parent": "Middager og tilbehør" },
    "price": { "price": 28.8, "unitPrice": 96, "unit": "kg", "qty": 0.3 }
  },
  {
    "title": "Basmatiris",
    "subtitle": "Boil-in-bag, 1 kg",
    "category": { "sub": "Ris og gryn", "parent": "Middager og tilbehør" },
    "price": { "price": 56.2, "unitPrice": 56.2, "unit": "kg", "qty": 1 }
  },
  {
    "title": "Basmatiris Villris",
    "subtitle": "8 x 125g, Boil-in-bag, 1 kg",
    "category": { "sub": "Ris og gryn", "parent": "Middager og tilbehør" },
    "price": { "price": 78.6, "unitPrice": 78.6, "unit": "kg", "qty": 1 }
  },
  {
    "title": "Basmatiris Fullkorn",
    "subtitle": "Økologisk, 700 g",
    "category": { "sub": "Ris og gryn", "parent": "Middager og tilbehør" },
    "price": { "price": 55.8, "unitPrice": 79.71, "unit": "kg", "qty": 0.7 }
  },
  {
    "title": "Quinoa Hvit",
    "subtitle": "Økologisk, 350 g",
    "category": { "sub": "Ris og gryn", "parent": "Middager og tilbehør" },
    "price": { "price": 75.3, "unitPrice": 215.14, "unit": "kg", "qty": 0.35 }
  },
  {
    "title": "Jasminris",
    "subtitle": "2 kg",
    "category": { "sub": "Ris og gryn", "parent": "Middager og tilbehør" },
    "price": { "price": 44.9, "unitPrice": 22.45, "unit": "kg", "qty": 2 }
  },
  {
    "title": "Middagsris Ståpose",
    "subtitle": "2 kg",
    "category": { "sub": "Ris og gryn", "parent": "Middager og tilbehør" },
    "price": { "price": 30.1, "unitPrice": 15.05, "unit": "kg", "qty": 2 }
  },
  {
    "title": "Sushiris",
    "subtitle": "500 g",
    "category": { "sub": "Ris og gryn", "parent": "Middager og tilbehør" },
    "price": { "price": 61.7, "unitPrice": 123.4, "unit": "kg", "qty": 0.5 }
  },
  {
    "title": "Bulgur Hvete",
    "subtitle": "500 g",
    "category": { "sub": "Ris og gryn", "parent": "Middager og tilbehør" },
    "price": { "price": 69.8, "unitPrice": 139.6, "unit": "kg", "qty": 0.5 }
  },
  {
    "title": "Risotto Carnaroli",
    "subtitle": "500 g",
    "category": { "sub": "Ris og gryn", "parent": "Middager og tilbehør" },
    "price": { "price": 32.6, "unitPrice": 65.2, "unit": "kg", "qty": 0.5 }
  },
  {
    "title": "Paella",
    "subtitle": "300 g",
    "category": { "sub": "Ris og gryn", "parent": "Middager og tilbehør" },
    "price": { "price": 62.9, "unitPrice": 209.67, "unit": "kg", "qty": 0.3 }
  },
  {
    "title": "Risotto",
    "subtitle": "Med Steinsopp, 250 g",
    "category": { "sub": "Ris og gryn", "parent": "Middager og tilbehør" },
    "price": { "price": 54.8, "unitPrice": 219.2, "unit": "kg", "qty": 0.25 }
  },
  {
    "title": "Risotto",
    "subtitle": "Med Asparges, 250 g",
    "category": { "sub": "Ris og gryn", "parent": "Middager og tilbehør" },
    "price": { "price": 54.8, "unitPrice": 219.2, "unit": "kg", "qty": 0.25 }
  },
  {
    "title": "Risotto",
    "subtitle": "Med Paprika, 250 g",
    "category": { "sub": "Ris og gryn", "parent": "Middager og tilbehør" },
    "price": { "price": 54.8, "unitPrice": 219.2, "unit": "kg", "qty": 0.25 }
  },
  {
    "title": "Risotto",
    "subtitle": "Tomat og Basilikum, 250 g",
    "category": { "sub": "Ris og gryn", "parent": "Middager og tilbehør" },
    "price": { "price": 54.8, "unitPrice": 219.2, "unit": "kg", "qty": 0.25 }
  },
  {
    "title": "Quinoa",
    "subtitle": "400 g",
    "category": { "sub": "Ris og gryn", "parent": "Middager og tilbehør" },
    "price": { "price": 57.6, "unitPrice": 144, "unit": "kg", "qty": 0.4 }
  },
  {
    "title": "Fullkornsris",
    "subtitle": "Boil-in-bag 8x125g, 1 kg",
    "category": { "sub": "Ris og gryn", "parent": "Middager og tilbehør" },
    "price": { "price": 40, "unitPrice": 40, "unit": "kg", "qty": 1 }
  },
  {
    "title": "Basmatiris Løs",
    "subtitle": "500 g",
    "category": { "sub": "Ris og gryn", "parent": "Middager og tilbehør" },
    "price": { "price": 28.4, "unitPrice": 56.8, "unit": "kg", "qty": 0.5 }
  },
  {
    "title": "Bulgur Fin",
    "subtitle": "Köftelik, 1 kg",
    "category": { "sub": "Ris og gryn", "parent": "Middager og tilbehør" },
    "price": { "price": 32.6, "unitPrice": 32.6, "unit": "kg", "qty": 1 }
  },
  {
    "title": "Bulgur Grov Pilavlik",
    "subtitle": "Pilavlik, 1 kg",
    "category": { "sub": "Ris og gryn", "parent": "Middager og tilbehør" },
    "price": { "price": 32.6, "unitPrice": 32.6, "unit": "kg", "qty": 1 }
  },
  {
    "title": "Bulgur Mellomgrov",
    "subtitle": "Midyat, 1 kg",
    "category": { "sub": "Ris og gryn", "parent": "Middager og tilbehør" },
    "price": { "price": 32.6, "unitPrice": 32.6, "unit": "kg", "qty": 1 }
  },
  {
    "title": "Couscous",
    "subtitle": "500 g",
    "category": { "sub": "Ris og gryn", "parent": "Middager og tilbehør" },
    "price": { "price": 27.7, "unitPrice": 55.4, "unit": "kg", "qty": 0.5 }
  },
  {
    "title": "Hurtigris Løsvekt",
    "subtitle": "400 g",
    "category": { "sub": "Ris og gryn", "parent": "Middager og tilbehør" },
    "price": { "price": 26, "unitPrice": 65, "unit": "kg", "qty": 0.4 }
  },
  {
    "title": "Jasminris",
    "subtitle": "4 kg",
    "category": { "sub": "Ris og gryn", "parent": "Middager og tilbehør" },
    "price": { "price": 49.9, "unitPrice": 12.48, "unit": "kg", "qty": 4 }
  },
  {
    "title": "Jasminris",
    "subtitle": "8x125g, Boil-in-bag, 1 kg",
    "category": { "sub": "Ris og gryn", "parent": "Middager og tilbehør" },
    "price": { "price": 36.5, "unitPrice": 36.5, "unit": "kg", "qty": 1 }
  },
  {
    "title": "Jasminris Boil in Bag",
    "subtitle": "8 poser, 960 g",
    "category": { "sub": "Ris og gryn", "parent": "Middager og tilbehør" },
    "price": { "price": 35.9, "unitPrice": 37.4, "unit": "kg", "qty": 0.96 }
  },
  {
    "title": "Linser Røde",
    "subtitle": "900 g",
    "category": { "sub": "Ris og gryn", "parent": "Middager og tilbehør" },
    "price": { "price": 34.8, "unitPrice": 38.67, "unit": "kg", "qty": 0.9 }
  },
  {
    "title": "Middagsris",
    "subtitle": "Boil In Bag 8x125g, 1 kg",
    "category": { "sub": "Ris og gryn", "parent": "Middager og tilbehør" },
    "price": { "price": 38.9, "unitPrice": 38.9, "unit": "kg", "qty": 1 }
  },
  {
    "title": "Nirus Basmati Ris",
    "subtitle": "500 g",
    "category": { "sub": "Ris og gryn", "parent": "Middager og tilbehør" },
    "price": { "price": 39.8, "unitPrice": 79.6, "unit": "kg", "qty": 0.5 }
  },
  {
    "title": "Økologisk Brun Basmatiris",
    "subtitle": "550 g",
    "category": { "sub": "Ris og gryn", "parent": "Middager og tilbehør" },
    "price": { "price": 50, "unitPrice": 90.91, "unit": "kg", "qty": 0.55 }
  },
  {
    "title": "Økologisk Jasminris",
    "subtitle": "550 g",
    "category": { "sub": "Ris og gryn", "parent": "Middager og tilbehør" },
    "price": { "price": 24.9, "unitPrice": 45.27, "unit": "kg", "qty": 0.55 }
  },
  {
    "title": "Økologisk Perlebygg",
    "subtitle": "500 g",
    "category": { "sub": "Ris og gryn", "parent": "Middager og tilbehør" },
    "price": { "price": 42.9, "unitPrice": 85.8, "unit": "kg", "qty": 0.5 }
  },
  {
    "title": "Økologisk Perlespelt",
    "subtitle": "500 g",
    "category": { "sub": "Ris og gryn", "parent": "Middager og tilbehør" },
    "price": { "price": 37.4, "unitPrice": 74.8, "unit": "kg", "qty": 0.5 }
  },
  {
    "title": "Perlecouscous",
    "subtitle": "500 g",
    "category": { "sub": "Ris og gryn", "parent": "Middager og tilbehør" },
    "price": { "price": 30.5, "unitPrice": 61, "unit": "kg", "qty": 0.5 }
  },
  {
    "title": "Ris Snarkokt",
    "subtitle": "400 g",
    "category": { "sub": "Ris og gryn", "parent": "Middager og tilbehør" },
    "price": { "price": 26.4, "unitPrice": 66, "unit": "kg", "qty": 0.4 }
  },
  {
    "title": "Tortelloni Ricotta & Spinat",
    "subtitle": "250 g",
    "category": { "sub": "Pasta og nudler", "parent": "Middager og tilbehør" },
    "price": { "price": 29, "unitPrice": 116, "unit": "kg", "qty": 0.25 }
  },
  {
    "title": "Tortellini Skinke & Ost",
    "subtitle": "250 g",
    "category": { "sub": "Pasta og nudler", "parent": "Middager og tilbehør" },
    "price": { "price": 30.7, "unitPrice": 122.8, "unit": "kg", "qty": 0.25 }
  },
  {
    "title": "Tagliatelle",
    "subtitle": "400 g",
    "category": { "sub": "Pasta og nudler", "parent": "Middager og tilbehør" },
    "price": { "price": 33.8, "unitPrice": 84.5, "unit": "kg", "qty": 0.4 }
  },
  {
    "title": "Perline med Parmigiano Reggiano",
    "subtitle": "250 g",
    "category": { "sub": "Pasta og nudler", "parent": "Middager og tilbehør" },
    "price": { "price": 25.3, "unitPrice": 101.2, "unit": "kg", "qty": 0.25 }
  },
  {
    "title": "Tortelloni Bolognese",
    "subtitle": "500 g",
    "category": { "sub": "Pasta og nudler", "parent": "Middager og tilbehør" },
    "price": { "price": 48.1, "unitPrice": 96.2, "unit": "kg", "qty": 0.5 }
  },
  {
    "title": "Tagliatelle Glutenfri",
    "subtitle": "250 g",
    "category": { "sub": "Pasta og nudler", "parent": "Middager og tilbehør" },
    "price": { "price": 59.7, "unitPrice": 238.8, "unit": "kg", "qty": 0.25 }
  },
  {
    "title": "Tortelloni Med Skinke",
    "subtitle": "250 g",
    "category": { "sub": "Pasta og nudler", "parent": "Middager og tilbehør" },
    "price": { "price": 29, "unitPrice": 116, "unit": "kg", "qty": 0.25 }
  },
  {
    "title": "Spaghetti Glutenfri",
    "subtitle": "400 g",
    "category": { "sub": "Pasta og nudler", "parent": "Middager og tilbehør" },
    "price": { "price": 52.9, "unitPrice": 132.25, "unit": "kg", "qty": 0.4 }
  },
  {
    "title": "Fusilli",
    "subtitle": "500 g",
    "category": { "sub": "Pasta og nudler", "parent": "Middager og tilbehør" },
    "price": { "price": 41.6, "unitPrice": 83.2, "unit": "kg", "qty": 0.5 }
  },
  {
    "title": "Caserecce",
    "subtitle": "500 g",
    "category": { "sub": "Pasta og nudler", "parent": "Middager og tilbehør" },
    "price": { "price": 41.6, "unitPrice": 83.2, "unit": "kg", "qty": 0.5 }
  },
  {
    "title": "Farfalle",
    "subtitle": "500 g",
    "category": { "sub": "Pasta og nudler", "parent": "Middager og tilbehør" },
    "price": { "price": 40.8, "unitPrice": 81.6, "unit": "kg", "qty": 0.5 }
  },
  {
    "title": "Mezzi Rigatoni",
    "subtitle": "500 g",
    "category": { "sub": "Pasta og nudler", "parent": "Middager og tilbehør" },
    "price": { "price": 41.6, "unitPrice": 83.2, "unit": "kg", "qty": 0.5 }
  },
  {
    "title": "Tagliatelle",
    "subtitle": "500 g",
    "category": { "sub": "Pasta og nudler", "parent": "Middager og tilbehør" },
    "price": { "price": 46.6, "unitPrice": 93.2, "unit": "kg", "qty": 0.5 }
  },
  {
    "title": "Gnocchi",
    "subtitle": "500 g",
    "category": { "sub": "Pasta og nudler", "parent": "Middager og tilbehør" },
    "price": { "price": 76.4, "unitPrice": 152.8, "unit": "kg", "qty": 0.5 }
  },
  {
    "title": "Spaghetti Fullkorn",
    "subtitle": "1 kg",
    "category": { "sub": "Pasta og nudler", "parent": "Middager og tilbehør" },
    "price": { "price": 40.4, "unitPrice": 40.4, "unit": "kg", "qty": 1 }
  },
  {
    "title": "Spaghetti",
    "subtitle": "1 kg",
    "category": { "sub": "Pasta og nudler", "parent": "Middager og tilbehør" },
    "price": { "price": 31.7, "unitPrice": 31.7, "unit": "kg", "qty": 1 }
  },
  {
    "title": "Tagliatelle",
    "subtitle": "500 g",
    "category": { "sub": "Pasta og nudler", "parent": "Middager og tilbehør" },
    "price": { "price": 44.4, "unitPrice": 88.8, "unit": "kg", "qty": 0.5 }
  },
  {
    "title": "Lasagneplater",
    "subtitle": "500g, 20 stk",
    "category": { "sub": "Pasta og nudler", "parent": "Middager og tilbehør" },
    "price": { "price": 37.8, "unitPrice": 1.89, "unit": "stk", "qty": 20 }
  },
  {
    "title": "Lasagne Glutenfri",
    "subtitle": "250 g",
    "category": { "sub": "Pasta og nudler", "parent": "Middager og tilbehør" },
    "price": { "price": 43.5, "unitPrice": 174, "unit": "kg", "qty": 0.25 }
  },
  {
    "title": "Spaghetti",
    "subtitle": "Glutenfri, 400 g",
    "category": { "sub": "Pasta og nudler", "parent": "Middager og tilbehør" },
    "price": { "price": 34.4, "unitPrice": 86, "unit": "kg", "qty": 0.4 }
  },
  {
    "title": "Gigli Toscani Artisan Pasta",
    "subtitle": "500 g",
    "category": { "sub": "Pasta og nudler", "parent": "Middager og tilbehør" },
    "price": { "price": 33, "unitPrice": 66, "unit": "kg", "qty": 0.5 }
  },
  {
    "title": "Økologisk Fullkorn Spaghetti",
    "subtitle": "500 g",
    "category": { "sub": "Pasta og nudler", "parent": "Middager og tilbehør" },
    "price": { "price": 19.9, "unitPrice": 39.8, "unit": "kg", "qty": 0.5 }
  },
  {
    "title": "Spaghetti",
    "subtitle": "500 g",
    "category": { "sub": "Pasta og nudler", "parent": "Middager og tilbehør" },
    "price": { "price": 14, "unitPrice": 28, "unit": "kg", "qty": 0.5 }
  },
  {
    "title": "Fullkorn Spaghetti",
    "subtitle": "500 g",
    "category": { "sub": "Pasta og nudler", "parent": "Middager og tilbehør" },
    "price": { "price": 17.1, "unitPrice": 34.2, "unit": "kg", "qty": 0.5 }
  },
  {
    "title": "Spaghetti",
    "subtitle": "1 kg",
    "category": { "sub": "Pasta og nudler", "parent": "Middager og tilbehør" },
    "price": { "price": 16.5, "unitPrice": 16.5, "unit": "kg", "qty": 1 }
  },
  {
    "title": "Fettuccine Økologisk",
    "subtitle": "Økologisk, 500 g",
    "category": { "sub": "Pasta og nudler", "parent": "Middager og tilbehør" },
    "price": { "price": 24.8, "unitPrice": 49.6, "unit": "kg", "qty": 0.5 }
  },
  {
    "title": "Goodly Spaghetti Glutenfri",
    "subtitle": "Økologisk, 400 g",
    "category": { "sub": "Pasta og nudler", "parent": "Middager og tilbehør" },
    "price": { "price": 31.4, "unitPrice": 78.5, "unit": "kg", "qty": 0.4 }
  },
  {
    "title": "Spaghetti Rik På Fiber",
    "subtitle": "450 g",
    "category": { "sub": "Pasta og nudler", "parent": "Middager og tilbehør" },
    "price": { "price": 21.5, "unitPrice": 47.78, "unit": "kg", "qty": 0.45 }
  },
  {
    "title": "Spaghettini",
    "subtitle": "450 g",
    "category": { "sub": "Pasta og nudler", "parent": "Middager og tilbehør" },
    "price": { "price": 18.4, "unitPrice": 40.89, "unit": "kg", "qty": 0.45 }
  },
  {
    "title": "Spaghetti",
    "subtitle": "500 g",
    "category": { "sub": "Pasta og nudler", "parent": "Middager og tilbehør" },
    "price": { "price": 15.6, "unitPrice": 31.2, "unit": "kg", "qty": 0.5 }
  },
  {
    "title": "Speltspagetti",
    "subtitle": "Økologisk, 500 g",
    "category": { "sub": "Pasta og nudler", "parent": "Middager og tilbehør" },
    "price": { "price": 52.1, "unitPrice": 104.2, "unit": "kg", "qty": 0.5 }
  },
  {
    "title": "Speltspagetti Fullkorn",
    "subtitle": "Økologisk, 500 g",
    "category": { "sub": "Pasta og nudler", "parent": "Middager og tilbehør" },
    "price": { "price": 54.2, "unitPrice": 108.4, "unit": "kg", "qty": 0.5 }
  },
  {
    "title": "Penne Rigate Glutenfri",
    "subtitle": "500 g",
    "category": { "sub": "Pasta og nudler", "parent": "Middager og tilbehør" },
    "price": { "price": 45.1, "unitPrice": 90.2, "unit": "kg", "qty": 0.5 }
  },
  {
    "title": "Fusilli Røde Linser",
    "subtitle": "Glutenfri, 250 g",
    "category": { "sub": "Pasta og nudler", "parent": "Middager og tilbehør" },
    "price": { "price": 44.2, "unitPrice": 176.8, "unit": "kg", "qty": 0.25 }
  },
  {
    "title": "Casarecce Kikerter",
    "subtitle": "250 g",
    "category": { "sub": "Pasta og nudler", "parent": "Middager og tilbehør" },
    "price": { "price": 44.2, "unitPrice": 176.8, "unit": "kg", "qty": 0.25 }
  },
  {
    "title": "Penne Fullkorn",
    "subtitle": "Rigate Intergrale, 500 g",
    "category": { "sub": "Pasta og nudler", "parent": "Middager og tilbehør" },
    "price": { "price": 21.7, "unitPrice": 43.4, "unit": "kg", "qty": 0.5 }
  },
  {
    "title": "Penne Rigate",
    "subtitle": "500 g",
    "category": { "sub": "Pasta og nudler", "parent": "Middager og tilbehør" },
    "price": { "price": 21.7, "unitPrice": 43.4, "unit": "kg", "qty": 0.5 }
  },
  {
    "title": "Fusilli",
    "subtitle": "500 g",
    "category": { "sub": "Pasta og nudler", "parent": "Middager og tilbehør" },
    "price": { "price": 12.9, "unitPrice": 25.8, "unit": "kg", "qty": 0.5 }
  },
  {
    "title": "Fusilli",
    "subtitle": "500 g",
    "category": { "sub": "Pasta og nudler", "parent": "Middager og tilbehør" },
    "price": { "price": 11.6, "unitPrice": 23.2, "unit": "kg", "qty": 0.5 }
  },
  {
    "title": "Penne",
    "subtitle": "500 g",
    "category": { "sub": "Pasta og nudler", "parent": "Middager og tilbehør" },
    "price": { "price": 18.4, "unitPrice": 36.8, "unit": "kg", "qty": 0.5 }
  },
  {
    "title": "Pastaskruer Fullkorn",
    "subtitle": "500 g",
    "category": { "sub": "Pasta og nudler", "parent": "Middager og tilbehør" },
    "price": { "price": 19.9, "unitPrice": 39.8, "unit": "kg", "qty": 0.5 }
  },
  {
    "title": "Fullkorn Fusilli",
    "subtitle": "500 g",
    "category": { "sub": "Pasta og nudler", "parent": "Middager og tilbehør" },
    "price": { "price": 18.4, "unitPrice": 36.8, "unit": "kg", "qty": 0.5 }
  },
  {
    "title": "Penne Fullkorn",
    "subtitle": "500 g",
    "category": { "sub": "Pasta og nudler", "parent": "Middager og tilbehør" },
    "price": { "price": 19.1, "unitPrice": 38.2, "unit": "kg", "qty": 0.5 }
  },
  {
    "title": "Penne Rigate",
    "subtitle": "500 g",
    "category": { "sub": "Pasta og nudler", "parent": "Middager og tilbehør" },
    "price": { "price": 22, "unitPrice": 44, "unit": "kg", "qty": 0.5 }
  },
  {
    "title": "Farfalle",
    "subtitle": "500 g",
    "category": { "sub": "Pasta og nudler", "parent": "Middager og tilbehør" },
    "price": { "price": 32.8, "unitPrice": 65.6, "unit": "kg", "qty": 0.5 }
  },
  {
    "title": "Tagliatelle Glutenfri",
    "subtitle": "300 g",
    "category": { "sub": "Pasta og nudler", "parent": "Middager og tilbehør" },
    "price": { "price": 36.6, "unitPrice": 122, "unit": "kg", "qty": 0.3 }
  },
  {
    "title": "Penne Rigate",
    "subtitle": "Glutenfri, 400 g",
    "category": { "sub": "Pasta og nudler", "parent": "Middager og tilbehør" },
    "price": { "price": 35.8, "unitPrice": 89.5, "unit": "kg", "qty": 0.4 }
  },
  {
    "title": "Fusilli",
    "subtitle": "Glutenfri, 400 g",
    "category": { "sub": "Pasta og nudler", "parent": "Middager og tilbehør" },
    "price": { "price": 34.4, "unitPrice": 86, "unit": "kg", "qty": 0.4 }
  },
  {
    "title": "Fusilli",
    "subtitle": "Økologisk, 500 g",
    "category": { "sub": "Pasta og nudler", "parent": "Middager og tilbehør" },
    "price": { "price": 35.8, "unitPrice": 71.6, "unit": "kg", "qty": 0.5 }
  },
  {
    "title": "Pasta Penne Økologisk",
    "subtitle": "Glutenfri, 300 g",
    "category": { "sub": "Pasta og nudler", "parent": "Middager og tilbehør" },
    "price": { "price": 32.6, "unitPrice": 108.67, "unit": "kg", "qty": 0.3 }
  },
  {
    "title": "Pasta Fusilli Økologisk",
    "subtitle": "Glutenfri, 300 g",
    "category": { "sub": "Pasta og nudler", "parent": "Middager og tilbehør" },
    "price": { "price": 32.6, "unitPrice": 108.67, "unit": "kg", "qty": 0.3 }
  },
  {
    "title": "Speltskruer Fullkorn",
    "subtitle": "Økologisk, 500 g",
    "category": { "sub": "Pasta og nudler", "parent": "Middager og tilbehør" },
    "price": { "price": 52.1, "unitPrice": 104.2, "unit": "kg", "qty": 0.5 }
  },
  {
    "title": "Pasta Speltskruer",
    "subtitle": "Økologisk, 500 g",
    "category": { "sub": "Pasta og nudler", "parent": "Middager og tilbehør" },
    "price": { "price": 51.1, "unitPrice": 102.2, "unit": "kg", "qty": 0.5 }
  },
  {
    "title": "Tagliatelle",
    "subtitle": "500 g",
    "category": { "sub": "Pasta og nudler", "parent": "Middager og tilbehør" },
    "price": { "price": 26.7, "unitPrice": 53.4, "unit": "kg", "qty": 0.5 }
  },
  {
    "title": "Makaroni",
    "subtitle": "500 g",
    "category": { "sub": "Pasta og nudler", "parent": "Middager og tilbehør" },
    "price": { "price": 16.4, "unitPrice": 32.8, "unit": "kg", "qty": 0.5 }
  },
  {
    "title": "Makaroni",
    "subtitle": "1 kg",
    "category": { "sub": "Pasta og nudler", "parent": "Middager og tilbehør" },
    "price": { "price": 19.9, "unitPrice": 19.9, "unit": "kg", "qty": 1 }
  },
  {
    "title": "Makaroni Snarkokt",
    "subtitle": "650 g",
    "category": { "sub": "Pasta og nudler", "parent": "Middager og tilbehør" },
    "price": { "price": 20.5, "unitPrice": 31.54, "unit": "kg", "qty": 0.65 }
  },
  {
    "title": "Makaroni Fullkorn",
    "subtitle": "500 g",
    "category": { "sub": "Pasta og nudler", "parent": "Middager og tilbehør" },
    "price": { "price": 21.7, "unitPrice": 43.4, "unit": "kg", "qty": 0.5 }
  },
  {
    "title": "Lasagne",
    "subtitle": "500 g",
    "category": { "sub": "Pasta og nudler", "parent": "Middager og tilbehør" },
    "price": { "price": 48.3, "unitPrice": 96.6, "unit": "kg", "qty": 0.5 }
  },
  {
    "title": "Lasagneplater",
    "subtitle": "100% Durum, 500 g",
    "category": { "sub": "Pasta og nudler", "parent": "Middager og tilbehør" },
    "price": { "price": 22, "unitPrice": 44, "unit": "kg", "qty": 0.5 }
  },
  {
    "title": "Goodly Makaroni Glutenfri",
    "subtitle": "Økologisk, 500 g",
    "category": { "sub": "Pasta og nudler", "parent": "Middager og tilbehør" },
    "price": { "price": 36.8, "unitPrice": 73.6, "unit": "kg", "qty": 0.5 }
  },
  {
    "title": "Lasagneplater Fullkorn",
    "subtitle": "500 g",
    "category": { "sub": "Pasta og nudler", "parent": "Middager og tilbehør" },
    "price": { "price": 24.9, "unitPrice": 49.8, "unit": "kg", "qty": 0.5 }
  },
  {
    "title": "Lasagneplater Glutenfri",
    "subtitle": "Økologisk, 250 g",
    "category": { "sub": "Pasta og nudler", "parent": "Middager og tilbehør" },
    "price": { "price": 29.2, "unitPrice": 116.8, "unit": "kg", "qty": 0.25 }
  },
  {
    "title": "Penne Fullkorn",
    "subtitle": "525 g",
    "category": { "sub": "Pasta og nudler", "parent": "Middager og tilbehør" },
    "price": { "price": 21.7, "unitPrice": 41.33, "unit": "kg", "qty": 0.53 }
  },
  {
    "title": "Fusilli Fullkorn",
    "subtitle": "500 g",
    "category": { "sub": "Pasta og nudler", "parent": "Middager og tilbehør" },
    "price": { "price": 21.7, "unitPrice": 43.4, "unit": "kg", "qty": 0.5 }
  },
  {
    "title": "Nudler med kjøttsmak",
    "subtitle": "85 g",
    "category": { "sub": "Pasta og nudler", "parent": "Middager og tilbehør" },
    "price": { "price": 10.7, "unitPrice": 125.88, "unit": "kg", "qty": 0.09 }
  },
  {
    "title": "Nudler med Kyllingsmak",
    "subtitle": "85 g",
    "category": { "sub": "Pasta og nudler", "parent": "Middager og tilbehør" },
    "price": { "price": 10.8, "unitPrice": 127.06, "unit": "kg", "qty": 0.08 }
  },
  {
    "title": "Kopp-Nudler Med kyllingsmak",
    "subtitle": "65 g",
    "category": { "sub": "Pasta og nudler", "parent": "Middager og tilbehør" },
    "price": { "price": 22.8, "unitPrice": 350.77, "unit": "kg", "qty": 0.06 }
  },
  {
    "title": "Kopp-Nudler Med Kjøttsmak",
    "subtitle": "65 g",
    "category": { "sub": "Pasta og nudler", "parent": "Middager og tilbehør" },
    "price": { "price": 23.8, "unitPrice": 366.15, "unit": "kg", "qty": 0.07 }
  },
  {
    "title": "Pasta Bolognese",
    "subtitle": "Rett i Koppen, 65 g",
    "category": { "sub": "Pasta og nudler", "parent": "Middager og tilbehør" },
    "price": { "price": 28.4, "unitPrice": 436.92, "unit": "kg", "qty": 0.07 }
  },
  {
    "title": "Rett i Koppen Mac N' Cheese",
    "subtitle": "62 g",
    "category": { "sub": "Pasta og nudler", "parent": "Middager og tilbehør" },
    "price": { "price": 28.9, "unitPrice": 466.13, "unit": "kg", "qty": 0.06 }
  },
  {
    "title": "Pasta Di Parma",
    "subtitle": "Rett i Koppen, 61 g",
    "category": { "sub": "Pasta og nudler", "parent": "Middager og tilbehør" },
    "price": { "price": 28.4, "unitPrice": 465.57, "unit": "kg", "qty": 0.06 }
  },
  {
    "title": "Grønnere Middag",
    "subtitle": "Med Bønner Og Oliven, 300 g",
    "category": { "sub": "Middagstilbehør", "parent": "Middager og tilbehør" },
    "price": { "price": 32.8, "unitPrice": 109.33, "unit": "kg", "qty": 0.3 }
  },
  {
    "title": "Grønnere Middag",
    "subtitle": "Med Bygg Og Bønner, 300 g",
    "category": { "sub": "Middagstilbehør", "parent": "Middager og tilbehør" },
    "price": { "price": 33, "unitPrice": 110, "unit": "kg", "qty": 0.3 }
  },
  {
    "title": "Døgnvill Aioli",
    "subtitle": "100 g",
    "category": { "sub": "Middagstilbehør", "parent": "Middager og tilbehør" },
    "price": { "price": 21.9, "unitPrice": 219, "unit": "kg", "qty": 0.1 }
  },
  {
    "title": "Døgnvill Chilisaus",
    "subtitle": "100 g",
    "category": { "sub": "Middagstilbehør", "parent": "Middager og tilbehør" },
    "price": { "price": 21.9, "unitPrice": 219, "unit": "kg", "qty": 0.1 }
  },
  {
    "title": "Døgnvill Coleslaw",
    "subtitle": "200 g",
    "category": { "sub": "Middagstilbehør", "parent": "Middager og tilbehør" },
    "price": { "price": 24.9, "unitPrice": 124.5, "unit": "kg", "qty": 0.2 }
  },
  {
    "title": "Døgnvill BBQ saus",
    "subtitle": "100 g",
    "category": { "sub": "Middagstilbehør", "parent": "Middager og tilbehør" },
    "price": { "price": 21.9, "unitPrice": 219, "unit": "kg", "qty": 0.1 }
  },
  {
    "title": "Døgnvill Majones",
    "subtitle": "100 g",
    "category": { "sub": "Middagstilbehør", "parent": "Middager og tilbehør" },
    "price": { "price": 21.9, "unitPrice": 219, "unit": "kg", "qty": 0.1 }
  },
  {
    "title": "Døgnvill Chipotle Mayo",
    "subtitle": "100 g",
    "category": { "sub": "Middagstilbehør", "parent": "Middager og tilbehør" },
    "price": { "price": 21.9, "unitPrice": 219, "unit": "kg", "qty": 0.1 }
  },
  {
    "title": "Glutenfritt Hamburgerbrød",
    "subtitle": "Glutenfritt Hamburgerbrød, 2-pak, 1 stk",
    "category": { "sub": "Middagstilbehør", "parent": "Middager og tilbehør" },
    "price": { "price": 44.9, "unitPrice": 44.9, "unit": "stk", "qty": 1 }
  },
  {
    "title": "Døgnvill Burgerbrød",
    "subtitle": "4 stk",
    "category": { "sub": "Middagstilbehør", "parent": "Middager og tilbehør" },
    "price": { "price": 29.9, "unitPrice": 83.06, "unit": "kg", "qty": 0.36 }
  },
  {
    "title": "Søtpotet Fries",
    "subtitle": "500 g",
    "category": { "sub": "Middagstilbehør", "parent": "Middager og tilbehør" },
    "price": { "price": 33.4, "unitPrice": 66.8, "unit": "kg", "qty": 0.5 }
  },
  {
    "title": "Potetsalat",
    "subtitle": "500 g",
    "category": { "sub": "Middagstilbehør", "parent": "Middager og tilbehør" },
    "price": { "price": 26.6, "unitPrice": 53.2, "unit": "kg", "qty": 0.5 }
  },
  {
    "title": "Gratinerte Poteter Med Ost",
    "subtitle": "113 g",
    "category": { "sub": "Middagstilbehør", "parent": "Middager og tilbehør" },
    "price": { "price": 24.4, "unitPrice": 215.93, "unit": "kg", "qty": 0.11 }
  },
  {
    "title": "Potetstappe Klassisk",
    "subtitle": "90 g",
    "category": { "sub": "Middagstilbehør", "parent": "Middager og tilbehør" },
    "price": { "price": 21.3, "unitPrice": 236.67, "unit": "kg", "qty": 0.09 }
  },
  {
    "title": "Potetstappe",
    "subtitle": "Hjemmelaget, 450 g",
    "category": { "sub": "Middagstilbehør", "parent": "Middager og tilbehør" },
    "price": { "price": 41.4, "unitPrice": 92, "unit": "kg", "qty": 0.45 }
  },
  {
    "title": "Potetmos",
    "subtitle": "Norge/ Danmark, 500 g",
    "category": { "sub": "Middagstilbehør", "parent": "Middager og tilbehør" },
    "price": { "price": 36.8, "unitPrice": 73.6, "unit": "kg", "qty": 0.5 }
  },
  {
    "title": "Potetmos Med Gressløk",
    "subtitle": "90 g",
    "category": { "sub": "Middagstilbehør", "parent": "Middager og tilbehør" },
    "price": { "price": 15.6, "unitPrice": 173.33, "unit": "kg", "qty": 0.09 }
  },
  {
    "title": "Potetmos Vanlig",
    "subtitle": "90 g",
    "category": { "sub": "Middagstilbehør", "parent": "Middager og tilbehør" },
    "price": { "price": 12.2, "unitPrice": 135.56, "unit": "kg", "qty": 0.09 }
  },
  {
    "title": "Kålrabistappe",
    "subtitle": "85 g",
    "category": { "sub": "Middagstilbehør", "parent": "Middager og tilbehør" },
    "price": { "price": 35, "unitPrice": 411.76, "unit": "kg", "qty": 0.09 }
  },
  {
    "title": "Kålstuing",
    "subtitle": "450 g",
    "category": { "sub": "Middagstilbehør", "parent": "Middager og tilbehør" },
    "price": { "price": 46.8, "unitPrice": 104, "unit": "kg", "qty": 0.45 }
  },
  {
    "title": "Sprøstekt Løk",
    "subtitle": "PS, 100 g",
    "category": { "sub": "Middagstilbehør", "parent": "Middager og tilbehør" },
    "price": { "price": 10.5, "unitPrice": 105, "unit": "kg", "qty": 0.1 }
  },
  {
    "title": "Sprøstekt Løk",
    "subtitle": "Glutenfri, 100 g",
    "category": { "sub": "Middagstilbehør", "parent": "Middager og tilbehør" },
    "price": { "price": 19.2, "unitPrice": 192, "unit": "kg", "qty": 0.1 }
  },
  {
    "title": "Sprøstekt Løk",
    "subtitle": "100 g",
    "category": { "sub": "Middagstilbehør", "parent": "Middager og tilbehør" },
    "price": { "price": 10.5, "unitPrice": 105, "unit": "kg", "qty": 0.1 }
  },
  {
    "title": "Parisersurkål Hjemmelaget",
    "subtitle": "450 g",
    "category": { "sub": "Middagstilbehør", "parent": "Middager og tilbehør" },
    "price": { "price": 18.4, "unitPrice": 40.89, "unit": "kg", "qty": 0.45 }
  },
  {
    "title": "Sukkerkulør Flytende",
    "subtitle": "90 g",
    "category": { "sub": "Middagstilbehør", "parent": "Middager og tilbehør" },
    "price": { "price": 15.8, "unitPrice": 175.56, "unit": "kg", "qty": 0.09 }
  },
  {
    "title": "Wasabi Paste",
    "subtitle": "43 g",
    "category": { "sub": "Middagstilbehør", "parent": "Middager og tilbehør" },
    "price": { "price": 56.8, "unitPrice": 1320.93, "unit": "kg", "qty": 0.04 }
  },
  {
    "title": "Krutonger Caesar",
    "subtitle": "142 g",
    "category": { "sub": "Middagstilbehør", "parent": "Middager og tilbehør" },
    "price": { "price": 39.8, "unitPrice": 280.28, "unit": "kg", "qty": 0.14 }
  },
  {
    "title": "Krutonger Med Havsalt & Pepper",
    "subtitle": "142 g",
    "category": { "sub": "Middagstilbehør", "parent": "Middager og tilbehør" },
    "price": { "price": 39.8, "unitPrice": 280.28, "unit": "kg", "qty": 0.14 }
  },
  {
    "title": "Tofu",
    "subtitle": "349 g",
    "category": { "sub": "Middagstilbehør", "parent": "Middager og tilbehør" },
    "price": { "price": 84.9, "unitPrice": 243.27, "unit": "kg", "qty": 0.35 }
  },
  {
    "title": "Tofu Naturell",
    "subtitle": "Økologisk, 270 g",
    "category": { "sub": "Middagstilbehør", "parent": "Middager og tilbehør" },
    "price": { "price": 33.4, "unitPrice": 123.7, "unit": "kg", "qty": 0.27 }
  },
  {
    "title": "Mandelpotetstappe",
    "subtitle": "500 g",
    "category": { "sub": "Middagstilbehør", "parent": "Middager og tilbehør" },
    "price": { "price": 35.4, "unitPrice": 70.8, "unit": "kg", "qty": 0.5 }
  },
  {
    "title": "Opphøgde Potteter",
    "subtitle": "475 g",
    "category": { "sub": "Middagstilbehør", "parent": "Middager og tilbehør" },
    "price": { "price": 27.8, "unitPrice": 58.53, "unit": "kg", "qty": 0.47 }
  },
  {
    "title": "Pommes Express",
    "subtitle": "450 g",
    "category": { "sub": "Middagstilbehør", "parent": "Middager og tilbehør" },
    "price": { "price": 20, "unitPrice": 44.44, "unit": "kg", "qty": 0.45 }
  },
  {
    "title": "Pommes Noisettes",
    "subtitle": "600 g",
    "category": { "sub": "Middagstilbehør", "parent": "Middager og tilbehør" },
    "price": { "price": 44.8, "unitPrice": 74.67, "unit": "kg", "qty": 0.6 }
  },
  {
    "title": "Rotgrønnsaker Grovkuttet",
    "subtitle": "750 g",
    "category": { "sub": "Middagstilbehør", "parent": "Middager og tilbehør" },
    "price": { "price": 29.8, "unitPrice": 39.73, "unit": "kg", "qty": 0.75 }
  },
  {
    "title": "Rotmos, Ferdig til oppvarming",
    "subtitle": "Norge, 500 g",
    "category": { "sub": "Middagstilbehør", "parent": "Middager og tilbehør" },
    "price": { "price": 34.9, "unitPrice": 69.8, "unit": "kg", "qty": 0.5 }
  },
  {
    "title": "Syltet Rødløk",
    "subtitle": "300 g",
    "category": { "sub": "Middagstilbehør", "parent": "Middager og tilbehør" },
    "price": { "price": 39.9, "unitPrice": 133, "unit": "kg", "qty": 0.3 }
  },
  {
    "title": "Aioli",
    "subtitle": "250 g",
    "category": { "sub": "Middagstilbehør", "parent": "Middager og tilbehør" },
    "price": { "price": 15, "unitPrice": 60, "unit": "kg", "qty": 0.25 }
  },
  {
    "title": "Chili Aioli",
    "subtitle": "250 g",
    "category": { "sub": "Middagstilbehør", "parent": "Middager og tilbehør" },
    "price": { "price": 15, "unitPrice": 60, "unit": "kg", "qty": 0.25 }
  },
  {
    "title": "Coleslaw",
    "subtitle": "Taste Lab, 250 g",
    "category": { "sub": "Middagstilbehør", "parent": "Middager og tilbehør" },
    "price": { "price": 15, "unitPrice": 60, "unit": "kg", "qty": 0.25 }
  },
  {
    "title": "Artisjokkhjerter Tapas",
    "subtitle": "130 g",
    "category": { "sub": "Middagstilbehør", "parent": "Middager og tilbehør" },
    "price": { "price": 30, "unitPrice": 230.77, "unit": "kg", "qty": 0.13 }
  },
  {
    "title": "Fersk Tzatziki",
    "subtitle": "180 g",
    "category": { "sub": "Middagstilbehør", "parent": "Middager og tilbehør" },
    "price": { "price": 30, "unitPrice": 166.67, "unit": "kg", "qty": 0.18 }
  },
  {
    "title": "Mozzarella Sticks",
    "subtitle": "Taste Lab, 250 g",
    "category": { "sub": "Middagstilbehør", "parent": "Middager og tilbehør" },
    "price": { "price": 34.7, "unitPrice": 138.8, "unit": "kg", "qty": 0.25 }
  },
  {
    "title": "Jalapeño Poppers",
    "subtitle": "Taste Lab, 250 g",
    "category": { "sub": "Middagstilbehør", "parent": "Middager og tilbehør" },
    "price": { "price": 34.7, "unitPrice": 138.8, "unit": "kg", "qty": 0.25 }
  },
  {
    "title": "Løkringer",
    "subtitle": "Taste Lab, 300 g",
    "category": { "sub": "Middagstilbehør", "parent": "Middager og tilbehør" },
    "price": { "price": 33.1, "unitPrice": 110.33, "unit": "kg", "qty": 0.3 }
  },
  {
    "title": "Vårruller med Grønnsaker",
    "subtitle": "85 stk, 1,7 kg",
    "category": { "sub": "Middagstilbehør", "parent": "Middager og tilbehør" },
    "price": { "price": 149, "unitPrice": 87.65, "unit": "kg", "qty": 1.7 }
  },
  {
    "title": "Vårruller med Grønnsaker",
    "subtitle": "16 stk, 320 g",
    "category": { "sub": "Middagstilbehør", "parent": "Middager og tilbehør" },
    "price": { "price": 27.9, "unitPrice": 87.19, "unit": "kg", "qty": 0.32 }
  },
  {
    "title": "Vårruller med And",
    "subtitle": "10 stk, 180 g",
    "category": { "sub": "Middagstilbehør", "parent": "Middager og tilbehør" },
    "price": { "price": 29.9, "unitPrice": 166.11, "unit": "kg", "qty": 0.18 }
  },
  {
    "title": "Vårruller med Grønnsaker",
    "subtitle": "600 g",
    "category": { "sub": "Middagstilbehør", "parent": "Middager og tilbehør" },
    "price": { "price": 52.4, "unitPrice": 87.33, "unit": "kg", "qty": 0.6 }
  },
  {
    "title": "Vårruller med Kylling & Grønnsaker",
    "subtitle": "600 g",
    "category": { "sub": "Middagstilbehør", "parent": "Middager og tilbehør" },
    "price": { "price": 46.6, "unitPrice": 77.67, "unit": "kg", "qty": 0.6 }
  },
  {
    "title": "Vårulldeig",
    "subtitle": "Ferdige Deigark, 40 stk",
    "category": { "sub": "Middagstilbehør", "parent": "Middager og tilbehør" },
    "price": { "price": 38.2, "unitPrice": 69.45, "unit": "kg", "qty": 0.55 }
  },
  {
    "title": "Vårrull Wrap",
    "subtitle": "12 stk, 134 g",
    "category": { "sub": "Middagstilbehør", "parent": "Middager og tilbehør" },
    "price": { "price": 68.8, "unitPrice": 513.43, "unit": "kg", "qty": 0.13 }
  },
  {
    "title": "Brødsnacks",
    "subtitle": "Tomat & Oregano, 120 g",
    "category": { "sub": "Middagstilbehør", "parent": "Middager og tilbehør" },
    "price": { "price": 40.8, "unitPrice": 340, "unit": "kg", "qty": 0.12 }
  },
  {
    "title": "Brødsnacks",
    "subtitle": "Hvitløk og Persille, 120 g",
    "category": { "sub": "Middagstilbehør", "parent": "Middager og tilbehør" },
    "price": { "price": 40.8, "unitPrice": 340, "unit": "kg", "qty": 0.12 }
  },
  {
    "title": "Chili Con Queso",
    "subtitle": "200 g",
    "category": { "sub": "Middagstilbehør", "parent": "Middager og tilbehør" },
    "price": { "price": 43.4, "unitPrice": 217, "unit": "kg", "qty": 0.2 }
  },
  {
    "title": "Falafel",
    "subtitle": "300 g",
    "category": { "sub": "Middagstilbehør", "parent": "Middager og tilbehør" },
    "price": { "price": 42.8, "unitPrice": 142.67, "unit": "kg", "qty": 0.3 }
  },
  {
    "title": "Ferdigkokt Ertestuing",
    "subtitle": "500 g",
    "category": { "sub": "Middagstilbehør", "parent": "Middager og tilbehør" },
    "price": { "price": 17.4, "unitPrice": 34.8, "unit": "kg", "qty": 0.5 }
  },
  {
    "title": "Fersk Grønn Pesto",
    "subtitle": "130 g",
    "category": { "sub": "Middagstilbehør", "parent": "Middager og tilbehør" },
    "price": { "price": 44.2, "unitPrice": 340, "unit": "kg", "qty": 0.13 }
  },
  {
    "title": "Fersk Kikertcurry",
    "subtitle": "370 g",
    "category": { "sub": "Middagstilbehør", "parent": "Middager og tilbehør" },
    "price": { "price": 47, "unitPrice": 127.03, "unit": "kg", "qty": 0.37 }
  },
  {
    "title": "Fløtegratinerte Poteter",
    "subtitle": "750 g",
    "category": { "sub": "Middagstilbehør", "parent": "Middager og tilbehør" },
    "price": { "price": 41.6, "unitPrice": 55.47, "unit": "kg", "qty": 0.75 }
  },
  {
    "title": "Fløtepoteter",
    "subtitle": "Norge/ Danmark, 400 g",
    "category": { "sub": "Middagstilbehør", "parent": "Middager og tilbehør" },
    "price": { "price": 16.9, "unitPrice": 42.25, "unit": "kg", "qty": 0.4 }
  },
  {
    "title": "Guacamole",
    "subtitle": "150 g",
    "category": { "sub": "Middagstilbehør", "parent": "Middager og tilbehør" },
    "price": { "price": 34.5, "unitPrice": 230, "unit": "kg", "qty": 0.15 }
  },
  {
    "title": "Havrebit Naturell",
    "subtitle": "Proteinrikt Havrebasert Matlagingsprodukt, 160 g",
    "category": { "sub": "Middagstilbehør", "parent": "Middager og tilbehør" },
    "price": { "price": 33.1, "unitPrice": 206.88, "unit": "kg", "qty": 0.16 }
  },
  {
    "title": "Havrebit Urter",
    "subtitle": "Proteinrikt Havrebasert Matlagingsprodukt, 160 g",
    "category": { "sub": "Middagstilbehør", "parent": "Middager og tilbehør" },
    "price": { "price": 44.2, "unitPrice": 276.25, "unit": "kg", "qty": 0.16 }
  },
  {
    "title": "Hummus Rødbet",
    "subtitle": "150 g",
    "category": { "sub": "Middagstilbehør", "parent": "Middager og tilbehør" },
    "price": { "price": 28.3, "unitPrice": 188.67, "unit": "kg", "qty": 0.15 }
  },
  {
    "title": "Hummus Trio",
    "subtitle": "Med Tomat, Chili og Basilikum, 210 g",
    "category": { "sub": "Middagstilbehør", "parent": "Middager og tilbehør" },
    "price": { "price": 38.2, "unitPrice": 181.9, "unit": "kg", "qty": 0.21 }
  },
  {
    "title": "Hvitløk Ferskpresset",
    "subtitle": "100 g",
    "category": { "sub": "Middagstilbehør", "parent": "Middager og tilbehør" },
    "price": { "price": 23.9, "unitPrice": 239, "unit": "kg", "qty": 0.1 }
  },
  {
    "title": "Jegerkraut",
    "subtitle": "Upasteurisert Surkål, 390 ml",
    "category": { "sub": "Middagstilbehør", "parent": "Middager og tilbehør" },
    "price": { "price": 159, "unitPrice": 407.69, "unit": "l", "qty": 0.39 }
  },
  {
    "title": "Krutonger Hvitløk & Løk",
    "subtitle": "Fettfri, 142 g",
    "category": { "sub": "Middagstilbehør", "parent": "Middager og tilbehør" },
    "price": { "price": 49.1, "unitPrice": 345.77, "unit": "kg", "qty": 0.14 }
  },
  {
    "title": "Krutonger Caesar",
    "subtitle": "50 g",
    "category": { "sub": "Middagstilbehør", "parent": "Middager og tilbehør" },
    "price": { "price": 16.4, "unitPrice": 328, "unit": "kg", "qty": 0.05 }
  },
  {
    "title": "Krutonger med Tomat & Basilikum",
    "subtitle": "50 g",
    "category": { "sub": "Middagstilbehør", "parent": "Middager og tilbehør" },
    "price": { "price": 31.4, "unitPrice": 628, "unit": "kg", "qty": 0.05 }
  },
  {
    "title": "Mak Kimchi",
    "subtitle": "390 ml",
    "category": { "sub": "Middagstilbehør", "parent": "Middager og tilbehør" },
    "price": { "price": 159, "unitPrice": 407.69, "unit": "l", "qty": 0.39 }
  },
  {
    "title": "Tynn Bunn Mozzarella",
    "subtitle": "340 g",
    "category": { "sub": "Fryst pizza", "parent": "Pizza og taco" },
    "price": { "price": 46.8, "unitPrice": 137.65, "unit": "kg", "qty": 0.34 }
  },
  {
    "title": "Tynn Bunn Pepperoni",
    "subtitle": "305 g",
    "category": { "sub": "Fryst pizza", "parent": "Pizza og taco" },
    "price": { "price": 46.8, "unitPrice": 153.44, "unit": "kg", "qty": 0.31 }
  },
  {
    "title": "Grandiosa Original Pizza",
    "subtitle": "575 g",
    "category": { "sub": "Fryst pizza", "parent": "Pizza og taco" },
    "price": { "price": 47.9, "unitPrice": 83.3, "unit": "kg", "qty": 0.58 }
  },
  {
    "title": "Grandiosa Spesial Pepperoni Pizza",
    "subtitle": "530 g",
    "category": { "sub": "Fryst pizza", "parent": "Pizza og taco" },
    "price": { "price": 61.7, "unitPrice": 116.42, "unit": "kg", "qty": 0.53 }
  },
  {
    "title": "Grandiosa Mandagspizza",
    "subtitle": "528 g",
    "category": { "sub": "Fryst pizza", "parent": "Pizza og taco" },
    "price": { "price": 62.4, "unitPrice": 118.18, "unit": "kg", "qty": 0.53 }
  },
  {
    "title": "Grandiosa Kjøttdeig&løk Pizza",
    "subtitle": "520 g",
    "category": { "sub": "Fryst pizza", "parent": "Pizza og taco" },
    "price": { "price": 65.8, "unitPrice": 126.54, "unit": "kg", "qty": 0.52 }
  },
  {
    "title": "Big One Mexican Pizza",
    "subtitle": "585 g",
    "category": { "sub": "Fryst pizza", "parent": "Pizza og taco" },
    "price": { "price": 89, "unitPrice": 152.14, "unit": "kg", "qty": 0.58 }
  },
  {
    "title": "Big One Pepperoni Pizza",
    "subtitle": "590 g",
    "category": { "sub": "Fryst pizza", "parent": "Pizza og taco" },
    "price": { "price": 79.8, "unitPrice": 135.25, "unit": "kg", "qty": 0.59 }
  },
  {
    "title": "Big One Classic Pizza",
    "subtitle": "570 g",
    "category": { "sub": "Fryst pizza", "parent": "Pizza og taco" },
    "price": { "price": 53.6, "unitPrice": 94.04, "unit": "kg", "qty": 0.57 }
  },
  {
    "title": "Big One Cheese Pizza",
    "subtitle": "530 g",
    "category": { "sub": "Fryst pizza", "parent": "Pizza og taco" },
    "price": { "price": 77.8, "unitPrice": 146.79, "unit": "kg", "qty": 0.53 }
  },
  {
    "title": "Big One Meat Lover Pizza",
    "subtitle": "555 g",
    "category": { "sub": "Fryst pizza", "parent": "Pizza og taco" },
    "price": { "price": 84.9, "unitPrice": 152.97, "unit": "kg", "qty": 0.56 }
  },
  {
    "title": "Big One Giants Mighty Meat",
    "subtitle": "810 g",
    "category": { "sub": "Fryst pizza", "parent": "Pizza og taco" },
    "price": { "price": 98.9, "unitPrice": 122.1, "unit": "kg", "qty": 0.81 }
  },
  {
    "title": "La Mia Grande Prosciutto e Formaggi",
    "subtitle": "400 g",
    "category": { "sub": "Fryst pizza", "parent": "Pizza og taco" },
    "price": { "price": 69.9, "unitPrice": 174.75, "unit": "kg", "qty": 0.4 }
  },
  {
    "title": "La Mia Grande 4 Formaggi",
    "subtitle": "400 g",
    "category": { "sub": "Fryst pizza", "parent": "Pizza og taco" },
    "price": { "price": 69.9, "unitPrice": 174.75, "unit": "kg", "qty": 0.4 }
  },
  {
    "title": "La Mia Grande Salame Piccante",
    "subtitle": "380 g",
    "category": { "sub": "Fryst pizza", "parent": "Pizza og taco" },
    "price": { "price": 67.9, "unitPrice": 178.68, "unit": "kg", "qty": 0.38 }
  },
  {
    "title": "Ristorante Mozzarella",
    "subtitle": "2pk, 670 g",
    "category": { "sub": "Fryst pizza", "parent": "Pizza og taco" },
    "price": { "price": 76.4, "unitPrice": 114.03, "unit": "kg", "qty": 0.67 }
  },
  {
    "title": "Ristorante Pepperoni Salame",
    "subtitle": "320 g",
    "category": { "sub": "Fryst pizza", "parent": "Pizza og taco" },
    "price": { "price": 55.8, "unitPrice": 174.38, "unit": "kg", "qty": 0.32 }
  },
  {
    "title": "Ristorante Speciale",
    "subtitle": "2pk, 660 g",
    "category": { "sub": "Fryst pizza", "parent": "Pizza og taco" },
    "price": { "price": 75.3, "unitPrice": 114.09, "unit": "kg", "qty": 0.66 }
  },
  {
    "title": "Ristorante Pizza Pollo",
    "subtitle": "355 g",
    "category": { "sub": "Fryst pizza", "parent": "Pizza og taco" },
    "price": { "price": 43.8, "unitPrice": 123.38, "unit": "kg", "qty": 0.36 }
  },
  {
    "title": "Ristorante Hawaii",
    "subtitle": "355 g",
    "category": { "sub": "Fryst pizza", "parent": "Pizza og taco" },
    "price": { "price": 56.8, "unitPrice": 160, "unit": "kg", "qty": 0.35 }
  },
  {
    "title": "Ristorante Spinaci",
    "subtitle": "390 g",
    "category": { "sub": "Fryst pizza", "parent": "Pizza og taco" },
    "price": { "price": 58.7, "unitPrice": 150.51, "unit": "kg", "qty": 0.39 }
  },
  {
    "title": "Ristorante Prosciutto",
    "subtitle": "330 g",
    "category": { "sub": "Fryst pizza", "parent": "Pizza og taco" },
    "price": { "price": 54.8, "unitPrice": 166.06, "unit": "kg", "qty": 0.33 }
  },
  {
    "title": "Pizza Ristorante Salame Mozzarella Pesto",
    "subtitle": "360 g",
    "category": { "sub": "Fryst pizza", "parent": "Pizza og taco" },
    "price": { "price": 50, "unitPrice": 138.89, "unit": "kg", "qty": 0.36 }
  },
  {
    "title": "Ristorante Vegetale",
    "subtitle": "385 g",
    "category": { "sub": "Fryst pizza", "parent": "Pizza og taco" },
    "price": { "price": 55.8, "unitPrice": 144.94, "unit": "kg", "qty": 0.38 }
  },
  {
    "title": "Ristorante Bolognese",
    "subtitle": "375 g",
    "category": { "sub": "Fryst pizza", "parent": "Pizza og taco" },
    "price": { "price": 47.6, "unitPrice": 126.93, "unit": "kg", "qty": 0.38 }
  },
  {
    "title": "Pizza Ristorante Diavola",
    "subtitle": "370 g",
    "category": { "sub": "Fryst pizza", "parent": "Pizza og taco" },
    "price": { "price": 54.4, "unitPrice": 147.03, "unit": "kg", "qty": 0.37 }
  },
  {
    "title": "Ristorante Prosciutto",
    "subtitle": "Glutenfri, 345 g",
    "category": { "sub": "Fryst pizza", "parent": "Pizza og taco" },
    "price": { "price": 53.3, "unitPrice": 154.49, "unit": "kg", "qty": 0.35 }
  },
  {
    "title": "Ristorante Mozzarella",
    "subtitle": "Glutenfri, 370 g",
    "category": { "sub": "Fryst pizza", "parent": "Pizza og taco" },
    "price": { "price": 49.8, "unitPrice": 134.59, "unit": "kg", "qty": 0.37 }
  },
  {
    "title": "Ristorante Salame",
    "subtitle": "Glutenfri, 315 g",
    "category": { "sub": "Fryst pizza", "parent": "Pizza og taco" },
    "price": { "price": 54.8, "unitPrice": 173.97, "unit": "kg", "qty": 0.31 }
  },
  {
    "title": "Pizza Rustica 4 Cheese",
    "subtitle": "555 g",
    "category": { "sub": "Fryst pizza", "parent": "Pizza og taco" },
    "price": { "price": 81.3, "unitPrice": 146.49, "unit": "kg", "qty": 0.55 }
  },
  {
    "title": "Pizza Rustica Pepperoni",
    "subtitle": "540 g",
    "category": { "sub": "Fryst pizza", "parent": "Pizza og taco" },
    "price": { "price": 80.8, "unitPrice": 149.63, "unit": "kg", "qty": 0.54 }
  },
  {
    "title": "Rustica Pizza",
    "subtitle": "Ham & Cheese, 545 g",
    "category": { "sub": "Fryst pizza", "parent": "Pizza og taco" },
    "price": { "price": 84.9, "unitPrice": 155.78, "unit": "kg", "qty": 0.54 }
  },
  {
    "title": "Rustica Pizza",
    "subtitle": "Double Pepperoni, 656 g",
    "category": { "sub": "Fryst pizza", "parent": "Pizza og taco" },
    "price": { "price": 84.9, "unitPrice": 129.42, "unit": "kg", "qty": 0.66 }
  },
  {
    "title": "Tradizionale Diavola",
    "subtitle": "345 g",
    "category": { "sub": "Fryst pizza", "parent": "Pizza og taco" },
    "price": { "price": 59.8, "unitPrice": 173.33, "unit": "kg", "qty": 0.35 }
  },
  {
    "title": "Tradizionale Pancetta Delicata",
    "subtitle": "375 g",
    "category": { "sub": "Fryst pizza", "parent": "Pizza og taco" },
    "price": { "price": 64.4, "unitPrice": 171.73, "unit": "kg", "qty": 0.38 }
  },
  {
    "title": "Casa di Mama Trio di Carne",
    "subtitle": "405 g",
    "category": { "sub": "Fryst pizza", "parent": "Pizza og taco" },
    "price": { "price": 41, "unitPrice": 101.23, "unit": "kg", "qty": 0.41 }
  },
  {
    "title": "Casa di Mama Quattro Formaggi",
    "subtitle": "410 g",
    "category": { "sub": "Fryst pizza", "parent": "Pizza og taco" },
    "price": { "price": 58.9, "unitPrice": 143.66, "unit": "kg", "qty": 0.41 }
  },
  {
    "title": "Peppes Triple Meat",
    "subtitle": "Skinke,Pepperoni & Kjøttboller, 545 g",
    "category": { "sub": "Fryst pizza", "parent": "Pizza og taco" },
    "price": { "price": 52.8, "unitPrice": 96.88, "unit": "kg", "qty": 0.55 }
  },
  {
    "title": "Peppes Pizza Farmer's Meat Skinke & Bacon",
    "subtitle": "525 g",
    "category": { "sub": "Fryst pizza", "parent": "Pizza og taco" },
    "price": { "price": 79.8, "unitPrice": 152, "unit": "kg", "qty": 0.53 }
  },
  {
    "title": "Peppes Italian 4 Cheeses",
    "subtitle": "385 g",
    "category": { "sub": "Fryst pizza", "parent": "Pizza og taco" },
    "price": { "price": 67.8, "unitPrice": 176.1, "unit": "kg", "qty": 0.39 }
  },
  {
    "title": "Peppes Italian Ham, Mozzarella & Pesto",
    "subtitle": "430 g",
    "category": { "sub": "Fryst pizza", "parent": "Pizza og taco" },
    "price": { "price": 71.8, "unitPrice": 166.98, "unit": "kg", "qty": 0.43 }
  },
  {
    "title": "Fire Oster Pizza",
    "subtitle": "Thin & Crispy, 300 g",
    "category": { "sub": "Fryst pizza", "parent": "Pizza og taco" },
    "price": { "price": 32.9, "unitPrice": 109.67, "unit": "kg", "qty": 0.3 }
  },
  {
    "title": "Ost og Skinke Pizza",
    "subtitle": "Thin & Crispy, 327 g",
    "category": { "sub": "Fryst pizza", "parent": "Pizza og taco" },
    "price": { "price": 39.9, "unitPrice": 122.02, "unit": "kg", "qty": 0.33 }
  },
  {
    "title": "Dobbel Pepperoni Pizza",
    "subtitle": "Thin & Crispy, 320 g",
    "category": { "sub": "Fryst pizza", "parent": "Pizza og taco" },
    "price": { "price": 32.9, "unitPrice": 102.81, "unit": "kg", "qty": 0.32 }
  },
  {
    "title": "Cheese Feast",
    "subtitle": "Ostefylt Skorpe, 453 g",
    "category": { "sub": "Fryst pizza", "parent": "Pizza og taco" },
    "price": { "price": 64.9, "unitPrice": 143.27, "unit": "kg", "qty": 0.45 }
  },
  {
    "title": "Pizza BBQ Meat Feast",
    "subtitle": "Ostefylt Skorpe, 475 g",
    "category": { "sub": "Fryst pizza", "parent": "Pizza og taco" },
    "price": { "price": 64.9, "unitPrice": 136.63, "unit": "kg", "qty": 0.48 }
  },
  {
    "title": "Skinke & Sjampinjong Pizza",
    "subtitle": "401 g",
    "category": { "sub": "Fryst pizza", "parent": "Pizza og taco" },
    "price": { "price": 49.9, "unitPrice": 124.44, "unit": "kg", "qty": 0.4 }
  },
  {
    "title": "Salami & Sausage Pizza",
    "subtitle": "389 g",
    "category": { "sub": "Fryst pizza", "parent": "Pizza og taco" },
    "price": { "price": 54.9, "unitPrice": 141.13, "unit": "kg", "qty": 0.39 }
  },
  {
    "title": "Dobbel Pepperoni Pizza",
    "subtitle": "Deep Pan, 346 g",
    "category": { "sub": "Fryst pizza", "parent": "Pizza og taco" },
    "price": { "price": 39.9, "unitPrice": 115.32, "unit": "kg", "qty": 0.35 }
  },
  {
    "title": "Meat Feast Pizza",
    "subtitle": "Deep Pan, 358 g",
    "category": { "sub": "Fryst pizza", "parent": "Pizza og taco" },
    "price": { "price": 39.9, "unitPrice": 111.45, "unit": "kg", "qty": 0.36 }
  },
  {
    "title": "Fire Oster Pizza",
    "subtitle": "Deep Pan, 365 g",
    "category": { "sub": "Fryst pizza", "parent": "Pizza og taco" },
    "price": { "price": 39.9, "unitPrice": 109.32, "unit": "kg", "qty": 0.36 }
  },
  {
    "title": "Spicy Pepperoni Takeaway Pizza",
    "subtitle": "645 g",
    "category": { "sub": "Fryst pizza", "parent": "Pizza og taco" },
    "price": { "price": 97.9, "unitPrice": 151.78, "unit": "kg", "qty": 0.65 }
  },
  {
    "title": "Hvitløk & Ost Pizzabrød",
    "subtitle": "245 g",
    "category": { "sub": "Fryst pizza", "parent": "Pizza og taco" },
    "price": { "price": 34.9, "unitPrice": 142.45, "unit": "kg", "qty": 0.24 }
  },
  {
    "title": "Pizzasnurrer",
    "subtitle": "7 stk, 420 g",
    "category": { "sub": "Fryst pizza", "parent": "Pizza og taco" },
    "price": { "price": 39, "unitPrice": 92.86, "unit": "kg", "qty": 0.42 }
  },
  {
    "title": "Grandiosa Take Away Meat Supreme",
    "subtitle": "540 g",
    "category": { "sub": "Fryst pizza", "parent": "Pizza og taco" },
    "price": { "price": 81.9, "unitPrice": 151.67, "unit": "kg", "qty": 0.54 }
  },
  {
    "title": "Grandiosa Taco Fiesta Pizza",
    "subtitle": "547 g",
    "category": { "sub": "Fryst pizza", "parent": "Pizza og taco" },
    "price": { "price": 64.8, "unitPrice": 118.46, "unit": "kg", "qty": 0.55 }
  },
  {
    "title": "Grandiosa Glutenfri Pizza",
    "subtitle": "590 g",
    "category": { "sub": "Fryst pizza", "parent": "Pizza og taco" },
    "price": { "price": 74.9, "unitPrice": 126.95, "unit": "kg", "qty": 0.59 }
  },
  {
    "title": "Grandiosa Nybakt Skinke Pizza",
    "subtitle": "515 g",
    "category": { "sub": "Fryst pizza", "parent": "Pizza og taco" },
    "price": { "price": 64.9, "unitPrice": 126.02, "unit": "kg", "qty": 0.51 }
  },
  {
    "title": "Grandiosa Vår Hjemmelagde med Kjøttdeig Pizza",
    "subtitle": "1000 g",
    "category": { "sub": "Fryst pizza", "parent": "Pizza og taco" },
    "price": { "price": 96.9, "unitPrice": 96.9, "unit": "kg", "qty": 1 }
  },
  {
    "title": "Big One Giants Cheddar & Beef Pizza",
    "subtitle": "810 g",
    "category": { "sub": "Fryst pizza", "parent": "Pizza og taco" },
    "price": { "price": 102.7, "unitPrice": 126.79, "unit": "kg", "qty": 0.81 }
  },
  {
    "title": "Pizza Prosciutto",
    "subtitle": "435 g",
    "category": { "sub": "Fryst pizza", "parent": "Pizza og taco" },
    "price": { "price": 38.4, "unitPrice": 88.28, "unit": "kg", "qty": 0.43 }
  },
  {
    "title": "Goodly Pizza Margherita",
    "subtitle": "Glutenfri, 290 g",
    "category": { "sub": "Fryst pizza", "parent": "Pizza og taco" },
    "price": { "price": 54.5, "unitPrice": 187.93, "unit": "kg", "qty": 0.29 }
  },
  {
    "title": "Pizza Pepperoni Glutenfri Goodly",
    "subtitle": "335 g",
    "category": { "sub": "Fryst pizza", "parent": "Pizza og taco" },
    "price": { "price": 49.9, "unitPrice": 148.96, "unit": "kg", "qty": 0.33 }
  },
  {
    "title": "Villa Paradiso Pizza Capricciosa",
    "subtitle": "500 g",
    "category": { "sub": "Hjemmelaget pizza", "parent": "Pizza og taco" },
    "price": { "price": 139.9, "unitPrice": 279.8, "unit": "kg", "qty": 0.5 }
  },
  {
    "title": "Villa Paradiso Pizza Margherita",
    "subtitle": "430 g",
    "category": { "sub": "Hjemmelaget pizza", "parent": "Pizza og taco" },
    "price": { "price": 119.9, "unitPrice": 278.84, "unit": "kg", "qty": 0.43 }
  },
  {
    "title": "Villa Paradiso Pizza Indiavolata",
    "subtitle": "500 g",
    "category": { "sub": "Hjemmelaget pizza", "parent": "Pizza og taco" },
    "price": { "price": 139.9, "unitPrice": 279.8, "unit": "kg", "qty": 0.5 }
  },
  {
    "title": "Fersk Pizzabunn",
    "subtitle": "Med Fullkorn, 550 g",
    "category": { "sub": "Hjemmelaget pizza", "parent": "Pizza og taco" },
    "price": { "price": 29.2, "unitPrice": 53.09, "unit": "kg", "qty": 0.55 }
  },
  {
    "title": "Glutenfri Bunn",
    "subtitle": "260 g",
    "category": { "sub": "Hjemmelaget pizza", "parent": "Pizza og taco" },
    "price": { "price": 54.3, "unitPrice": 208.85, "unit": "kg", "qty": 0.26 }
  },
  {
    "title": "Pizzabunn Familie",
    "subtitle": "550 g",
    "category": { "sub": "Hjemmelaget pizza", "parent": "Pizza og taco" },
    "price": { "price": 20, "unitPrice": 36.36, "unit": "kg", "qty": 0.55 }
  },
  {
    "title": "Peppes Pizzabunn Italiensk",
    "subtitle": "Firkantet 2-3 Pers, 400 g",
    "category": { "sub": "Hjemmelaget pizza", "parent": "Pizza og taco" },
    "price": { "price": 42.3, "unitPrice": 105.75, "unit": "kg", "qty": 0.4 }
  },
  {
    "title": "Peppes Originale Pizzabunn",
    "subtitle": "550 g",
    "category": { "sub": "Hjemmelaget pizza", "parent": "Pizza og taco" },
    "price": { "price": 41.7, "unitPrice": 75.82, "unit": "kg", "qty": 0.55 }
  },
  {
    "title": "Glutenfri Pizzabunn Lettstekt",
    "subtitle": "350 g",
    "category": { "sub": "Hjemmelaget pizza", "parent": "Pizza og taco" },
    "price": { "price": 43.5, "unitPrice": 124.29, "unit": "kg", "qty": 0.35 }
  },
  {
    "title": "Pizzabunn Glutenfri",
    "subtitle": "300 g",
    "category": { "sub": "Hjemmelaget pizza", "parent": "Pizza og taco" },
    "price": { "price": 48.8, "unitPrice": 162.67, "unit": "kg", "qty": 0.3 }
  },
  {
    "title": "Revet Ost 4 Oster",
    "subtitle": "250 g",
    "category": { "sub": "Hjemmelaget pizza", "parent": "Pizza og taco" },
    "price": { "price": 47.7, "unitPrice": 190.8, "unit": "kg", "qty": 0.25 }
  },
  {
    "title": "Pizzabunn Familiepakke",
    "subtitle": "370 g",
    "category": { "sub": "Hjemmelaget pizza", "parent": "Pizza og taco" },
    "price": { "price": 26.5, "unitPrice": 71.62, "unit": "kg", "qty": 0.37 }
  },
  {
    "title": "Hvetemel",
    "subtitle": "Tipo-00, 1 kg",
    "category": { "sub": "Hjemmelaget pizza", "parent": "Pizza og taco" },
    "price": { "price": 41.9, "unitPrice": 41.9, "unit": "kg", "qty": 1 }
  },
  {
    "title": "Pizzamel",
    "subtitle": "Tipo-0, 1 kg",
    "category": { "sub": "Hjemmelaget pizza", "parent": "Pizza og taco" },
    "price": { "price": 27.8, "unitPrice": 27.8, "unit": "kg", "qty": 1 }
  },
  {
    "title": "Pizzagjær",
    "subtitle": "5 poser, 1 stk",
    "category": { "sub": "Hjemmelaget pizza", "parent": "Pizza og taco" },
    "price": { "price": 24.6, "unitPrice": 24.6, "unit": "stk", "qty": 1 }
  },
  {
    "title": "Chorizo Sarta",
    "subtitle": "225 g",
    "category": { "sub": "Hjemmelaget pizza", "parent": "Pizza og taco" },
    "price": { "price": 57.2, "unitPrice": 254.22, "unit": "kg", "qty": 0.23 }
  },
  {
    "title": "Chorizo Topping",
    "subtitle": "80 g",
    "category": { "sub": "Hjemmelaget pizza", "parent": "Pizza og taco" },
    "price": { "price": 20, "unitPrice": 250, "unit": "kg", "qty": 0.08 }
  },
  {
    "title": "Pepperoni Topping",
    "subtitle": "Taste Lab, 80 g",
    "category": { "sub": "Hjemmelaget pizza", "parent": "Pizza og taco" },
    "price": { "price": 20, "unitPrice": 250, "unit": "kg", "qty": 0.08 }
  },
  {
    "title": "Pepperoni Skivet",
    "subtitle": "130 g",
    "category": { "sub": "Hjemmelaget pizza", "parent": "Pizza og taco" },
    "price": { "price": 42.7, "unitPrice": 328.46, "unit": "kg", "qty": 0.13 }
  },
  {
    "title": "Pepperoni",
    "subtitle": "100 g",
    "category": { "sub": "Hjemmelaget pizza", "parent": "Pizza og taco" },
    "price": { "price": 32.8, "unitPrice": 328, "unit": "kg", "qty": 0.1 }
  },
  {
    "title": "Bacon Topping",
    "subtitle": "80 g",
    "category": { "sub": "Hjemmelaget pizza", "parent": "Pizza og taco" },
    "price": { "price": 20, "unitPrice": 250, "unit": "kg", "qty": 0.08 }
  },
  {
    "title": "Smårettskinke Strimlet",
    "subtitle": "200 g",
    "category": { "sub": "Hjemmelaget pizza", "parent": "Pizza og taco" },
    "price": { "price": 39.7, "unitPrice": 198.5, "unit": "kg", "qty": 0.2 }
  },
  {
    "title": "Smårettskinke Topping",
    "subtitle": "80 g",
    "category": { "sub": "Hjemmelaget pizza", "parent": "Pizza og taco" },
    "price": { "price": 20, "unitPrice": 250, "unit": "kg", "qty": 0.08 }
  },
  {
    "title": "Spekeskinke Smårett",
    "subtitle": "150 g",
    "category": { "sub": "Hjemmelaget pizza", "parent": "Pizza og taco" },
    "price": { "price": 18.7, "unitPrice": 124.67, "unit": "kg", "qty": 0.15 }
  },
  {
    "title": "Peppes Originale Kjøttboller",
    "subtitle": "120 g",
    "category": { "sub": "Hjemmelaget pizza", "parent": "Pizza og taco" },
    "price": { "price": 30.1, "unitPrice": 250.83, "unit": "kg", "qty": 0.12 }
  },
  {
    "title": "Spicy Kjøttboller Topping",
    "subtitle": "130 g",
    "category": { "sub": "Hjemmelaget pizza", "parent": "Pizza og taco" },
    "price": { "price": 20, "unitPrice": 153.85, "unit": "kg", "qty": 0.13 }
  },
  {
    "title": "Jarlsberg Revet",
    "subtitle": "200 g",
    "category": { "sub": "Hjemmelaget pizza", "parent": "Pizza og taco" },
    "price": { "price": 32.3, "unitPrice": 161.5, "unit": "kg", "qty": 0.2 }
  },
  {
    "title": "Revet Økonomiblanding",
    "subtitle": "450 g",
    "category": { "sub": "Hjemmelaget pizza", "parent": "Pizza og taco" },
    "price": { "price": 52.5, "unitPrice": 116.67, "unit": "kg", "qty": 0.45 }
  },
  {
    "title": "Pizza Sauce",
    "subtitle": "400 g",
    "category": { "sub": "Hjemmelaget pizza", "parent": "Pizza og taco" },
    "price": { "price": 18.9, "unitPrice": 47.25, "unit": "kg", "qty": 0.4 }
  },
  {
    "title": "Pizzasaus",
    "subtitle": "290 g",
    "category": { "sub": "Hjemmelaget pizza", "parent": "Pizza og taco" },
    "price": { "price": 20.8, "unitPrice": 71.72, "unit": "kg", "qty": 0.29 }
  },
  {
    "title": "Pizzasaus",
    "subtitle": "500 g",
    "category": { "sub": "Hjemmelaget pizza", "parent": "Pizza og taco" },
    "price": { "price": 20.6, "unitPrice": 41.2, "unit": "kg", "qty": 0.5 }
  },
  {
    "title": "Pizzasaus",
    "subtitle": "300 g",
    "category": { "sub": "Hjemmelaget pizza", "parent": "Pizza og taco" },
    "price": { "price": 36.4, "unitPrice": 121.33, "unit": "kg", "qty": 0.3 }
  },
  {
    "title": "Pizzasaus GK",
    "subtitle": "200 g",
    "category": { "sub": "Hjemmelaget pizza", "parent": "Pizza og taco" },
    "price": { "price": 14.7, "unitPrice": 73.5, "unit": "kg", "qty": 0.2 }
  },
  {
    "title": "Pizzasaus Original",
    "subtitle": "180 g",
    "category": { "sub": "Hjemmelaget pizza", "parent": "Pizza og taco" },
    "price": { "price": 17.4, "unitPrice": 96.67, "unit": "kg", "qty": 0.18 }
  },
  {
    "title": "Pizzasaus Bianca",
    "subtitle": "180 g",
    "category": { "sub": "Hjemmelaget pizza", "parent": "Pizza og taco" },
    "price": { "price": 15, "unitPrice": 83.33, "unit": "kg", "qty": 0.18 }
  },
  {
    "title": "Pizzasaus",
    "subtitle": "Taste Lab, 200 g",
    "category": { "sub": "Hjemmelaget pizza", "parent": "Pizza og taco" },
    "price": { "price": 10, "unitPrice": 50, "unit": "kg", "qty": 0.2 }
  },
  {
    "title": "Pizzasaus Intenso",
    "subtitle": "200 g",
    "category": { "sub": "Hjemmelaget pizza", "parent": "Pizza og taco" },
    "price": { "price": 10, "unitPrice": 50, "unit": "kg", "qty": 0.2 }
  },
  {
    "title": "Pizzafyll Tomat & Urter",
    "subtitle": "58 g",
    "category": { "sub": "Hjemmelaget pizza", "parent": "Pizza og taco" },
    "price": { "price": 15.8, "unitPrice": 272.41, "unit": "kg", "qty": 0.06 }
  },
  {
    "title": "Pizzafyll Mexicana",
    "subtitle": "60 g",
    "category": { "sub": "Hjemmelaget pizza", "parent": "Pizza og taco" },
    "price": { "price": 19.8, "unitPrice": 330, "unit": "kg", "qty": 0.06 }
  },
  {
    "title": "Pizzafyll m/Tomat og Løk",
    "subtitle": "52 g",
    "category": { "sub": "Hjemmelaget pizza", "parent": "Pizza og taco" },
    "price": { "price": 19, "unitPrice": 365.38, "unit": "kg", "qty": 0.05 }
  },
  {
    "title": "Peppes Rømme & Sweet Chili",
    "subtitle": "125 g",
    "category": { "sub": "Hjemmelaget pizza", "parent": "Pizza og taco" },
    "price": { "price": 29.4, "unitPrice": 235.2, "unit": "kg", "qty": 0.13 }
  },
  {
    "title": "Pizza Topping",
    "subtitle": "280 g",
    "category": { "sub": "Hjemmelaget pizza", "parent": "Pizza og taco" },
    "price": { "price": 34.2, "unitPrice": 122.14, "unit": "kg", "qty": 0.28 }
  },
  {
    "title": "Pizzadressing",
    "subtitle": "380 g",
    "category": { "sub": "Hjemmelaget pizza", "parent": "Pizza og taco" },
    "price": { "price": 24.2, "unitPrice": 63.68, "unit": "kg", "qty": 0.38 }
  },
  {
    "title": "Peppes Originale Rømmedressing",
    "subtitle": "130 g",
    "category": { "sub": "Hjemmelaget pizza", "parent": "Pizza og taco" },
    "price": { "price": 25.8, "unitPrice": 198.46, "unit": "kg", "qty": 0.13 }
  },
  {
    "title": "Pizzakrydder",
    "subtitle": "25 g",
    "category": { "sub": "Hjemmelaget pizza", "parent": "Pizza og taco" },
    "price": { "price": 40.9, "unitPrice": 1636, "unit": "kg", "qty": 0.02 }
  },
  {
    "title": "Pizzahjul",
    "subtitle": "1 stk",
    "category": { "sub": "Hjemmelaget pizza", "parent": "Pizza og taco" },
    "price": { "price": 37.5, "unitPrice": 37.5, "unit": "stk", "qty": 1 }
  },
  {
    "title": "Peppes Pepperoni",
    "subtitle": "70 g",
    "category": { "sub": "Hjemmelaget pizza", "parent": "Pizza og taco" },
    "price": { "price": 21.6, "unitPrice": 308.57, "unit": "kg", "qty": 0.07 }
  },
  {
    "title": "Pizzasaus",
    "subtitle": "400 g",
    "category": { "sub": "Hjemmelaget pizza", "parent": "Pizza og taco" },
    "price": { "price": 18.8, "unitPrice": 47, "unit": "kg", "qty": 0.4 }
  },
  {
    "title": "Peppes Hvit Pizzasaus",
    "subtitle": "140 g",
    "category": { "sub": "Hjemmelaget pizza", "parent": "Pizza og taco" },
    "price": { "price": 29.9, "unitPrice": 213.57, "unit": "kg", "qty": 0.14 }
  },
  {
    "title": "Pizzabunn Surdeig",
    "subtitle": "Rund Halvstekt 30 cm, 3 stk",
    "category": { "sub": "Hjemmelaget pizza", "parent": "Pizza og taco" },
    "price": { "price": 87.4, "unitPrice": 126.67, "unit": "kg", "qty": 0.69 }
  },
  {
    "title": "Salami Ventricina Picante",
    "subtitle": "70 g",
    "category": { "sub": "Hjemmelaget pizza", "parent": "Pizza og taco" },
    "price": { "price": 62.2, "unitPrice": 888.57, "unit": "kg", "qty": 0.07 }
  },
  {
    "title": "Chorizo",
    "subtitle": "80 g",
    "category": { "sub": "Hjemmelaget pizza", "parent": "Pizza og taco" },
    "price": { "price": 32.7, "unitPrice": 408.75, "unit": "kg", "qty": 0.08 }
  },
  {
    "title": "Mini Pizzabunn",
    "subtitle": "6 stk, 390 g",
    "category": { "sub": "Hjemmelaget pizza", "parent": "Pizza og taco" },
    "price": { "price": 44, "unitPrice": 112.82, "unit": "kg", "qty": 0.39 }
  },
  {
    "title": "Olivenolje til Pizza",
    "subtitle": "Spicy, 250 ml",
    "category": { "sub": "Hjemmelaget pizza", "parent": "Pizza og taco" },
    "price": { "price": 109.3, "unitPrice": 437.2, "unit": "l", "qty": 0.25 }
  },
  {
    "title": "Peppes Original Pizzasaus",
    "subtitle": "60 g",
    "category": { "sub": "Hjemmelaget pizza", "parent": "Pizza og taco" },
    "price": { "price": 14, "unitPrice": 233.33, "unit": "kg", "qty": 0.06 }
  },
  {
    "title": "Peppes Pizzadressing",
    "subtitle": "Med Rømme & Gressløk, 210 g",
    "category": { "sub": "Hjemmelaget pizza", "parent": "Pizza og taco" },
    "price": { "price": 30.7, "unitPrice": 146.19, "unit": "kg", "qty": 0.21 }
  },
  {
    "title": "Pizzabunn",
    "subtitle": "Glutenfri, 0,3 kg",
    "category": { "sub": "Hjemmelaget pizza", "parent": "Pizza og taco" },
    "price": { "price": 32.8, "unitPrice": 109.33, "unit": "kg", "qty": 0.3 }
  },
  {
    "title": "Pizzakrydder",
    "subtitle": "Økologisk, 25 g",
    "category": { "sub": "Hjemmelaget pizza", "parent": "Pizza og taco" },
    "price": { "price": 44.2, "unitPrice": 1768, "unit": "kg", "qty": 0.03 }
  },
  {
    "title": "Pizzatopping og Gulost",
    "subtitle": "500 g",
    "category": { "sub": "Hjemmelaget pizza", "parent": "Pizza og taco" },
    "price": { "price": 41.2, "unitPrice": 82.4, "unit": "kg", "qty": 0.5 }
  },
  {
    "title": "Pizza og Kebabdressing",
    "subtitle": "Spicy, 450 g",
    "category": { "sub": "Hjemmelaget pizza", "parent": "Pizza og taco" },
    "price": { "price": 39.8, "unitPrice": 88.44, "unit": "kg", "qty": 0.45 }
  },
  {
    "title": "Siliana Topping",
    "subtitle": "Salami, 130 g",
    "category": { "sub": "Hjemmelaget pizza", "parent": "Pizza og taco" },
    "price": { "price": 32.7, "unitPrice": 251.54, "unit": "kg", "qty": 0.13 }
  },
  {
    "title": "Tipo 00 Mel",
    "subtitle": "Kjempedurum Siktet, 1 kg",
    "category": { "sub": "Hjemmelaget pizza", "parent": "Pizza og taco" },
    "price": { "price": 69.9, "unitPrice": 69.9, "unit": "kg", "qty": 1 }
  },
  {
    "title": "Tortillas",
    "subtitle": "8 stk Medium ca 20 cm",
    "category": { "sub": "Taco", "parent": "Pizza og taco" },
    "price": { "price": 20.4, "unitPrice": 62.58, "unit": "kg", "qty": 0.33 }
  },
  {
    "title": "Tortillas",
    "subtitle": "8 stk Large ca 23 cm",
    "category": { "sub": "Taco", "parent": "Pizza og taco" },
    "price": { "price": 33.6, "unitPrice": 71.95, "unit": "kg", "qty": 0.47 }
  },
  {
    "title": "Tortillas",
    "subtitle": "6 stk Fullkorn ca 23 cm",
    "category": { "sub": "Taco", "parent": "Pizza og taco" },
    "price": { "price": 27.6, "unitPrice": 78.86, "unit": "kg", "qty": 0.35 }
  },
  {
    "title": "Tortilla Glutenfri",
    "subtitle": "6 stk ca 17 cm",
    "category": { "sub": "Taco", "parent": "Pizza og taco" },
    "price": { "price": 39.8, "unitPrice": 184.26, "unit": "kg", "qty": 0.22 }
  },
  {
    "title": "Mini 100% Corn Tortilla",
    "subtitle": "10 stk ca 20 cm",
    "category": { "sub": "Taco", "parent": "Pizza og taco" },
    "price": { "price": 31.8, "unitPrice": 151.43, "unit": "kg", "qty": 0.21 }
  },
  {
    "title": "Tortillas",
    "subtitle": "ca 25 cm",
    "category": { "sub": "Taco", "parent": "Pizza og taco" },
    "price": { "price": 16.8, "unitPrice": 45.16, "unit": "kg", "qty": 0.37 }
  },
  {
    "title": "Fullkorntortillas",
    "subtitle": "ca 25 cm",
    "category": { "sub": "Taco", "parent": "Pizza og taco" },
    "price": { "price": 20.7, "unitPrice": 55.65, "unit": "kg", "qty": 0.37 }
  },
  {
    "title": "Soft Tortilla Stand'n Stuff Mini",
    "subtitle": "145 g",
    "category": { "sub": "Taco", "parent": "Pizza og taco" },
    "price": { "price": 32.8, "unitPrice": 226.21, "unit": "kg", "qty": 0.14 }
  },
  {
    "title": "Soft Tortillas Stand'n Stuff",
    "subtitle": "190g, 193 g",
    "category": { "sub": "Taco", "parent": "Pizza og taco" },
    "price": { "price": 27.4, "unitPrice": 141.97, "unit": "kg", "qty": 0.19 }
  },
  {
    "title": "Taco Shells",
    "subtitle": "12pk, 156 g",
    "category": { "sub": "Taco", "parent": "Pizza og taco" },
    "price": { "price": 21.6, "unitPrice": 138.46, "unit": "kg", "qty": 0.16 }
  },
  {
    "title": "Mini Taco Tubs",
    "subtitle": "120 g",
    "category": { "sub": "Taco", "parent": "Pizza og taco" },
    "price": { "price": 39.4, "unitPrice": 328.33, "unit": "kg", "qty": 0.12 }
  },
  {
    "title": "Taco Shells",
    "subtitle": "12 stk, 135 g",
    "category": { "sub": "Taco", "parent": "Pizza og taco" },
    "price": { "price": 20.8, "unitPrice": 154.07, "unit": "kg", "qty": 0.14 }
  },
  {
    "title": "Taco Dinner Kit",
    "subtitle": "320 g",
    "category": { "sub": "Taco", "parent": "Pizza og taco" },
    "price": { "price": 14.4, "unitPrice": 45, "unit": "kg", "qty": 0.32 }
  },
  {
    "title": "Tortillas Mini",
    "subtitle": "Taste Lab, 8 stk ca 15 cm",
    "category": { "sub": "Taco", "parent": "Pizza og taco" },
    "price": { "price": 13.8, "unitPrice": 57.5, "unit": "kg", "qty": 0.24 }
  },
  {
    "title": "Tortillas Mais",
    "subtitle": "Taste Lab, 8 stk ca 20 cm",
    "category": { "sub": "Taco", "parent": "Pizza og taco" },
    "price": { "price": 16.7, "unitPrice": 52.19, "unit": "kg", "qty": 0.32 }
  },
  {
    "title": "Salsa Thick'n Chunky",
    "subtitle": "Medium, 340 g",
    "category": { "sub": "Taco", "parent": "Pizza og taco" },
    "price": { "price": 32.6, "unitPrice": 95.88, "unit": "kg", "qty": 0.34 }
  },
  {
    "title": "Taco Salsa",
    "subtitle": "Medium, 226 g",
    "category": { "sub": "Taco", "parent": "Pizza og taco" },
    "price": { "price": 19.8, "unitPrice": 87.61, "unit": "kg", "qty": 0.23 }
  },
  {
    "title": "Salsa Thick'n Chunky",
    "subtitle": "Hot, 340 g",
    "category": { "sub": "Taco", "parent": "Pizza og taco" },
    "price": { "price": 32.6, "unitPrice": 95.88, "unit": "kg", "qty": 0.34 }
  },
  {
    "title": "Salsa Dip Medium",
    "subtitle": "312 g",
    "category": { "sub": "Taco", "parent": "Pizza og taco" },
    "price": { "price": 32.8, "unitPrice": 105.13, "unit": "kg", "qty": 0.31 }
  },
  {
    "title": "Taco Sauce",
    "subtitle": "Hot, 230 g",
    "category": { "sub": "Taco", "parent": "Pizza og taco" },
    "price": { "price": 17.8, "unitPrice": 77.39, "unit": "kg", "qty": 0.23 }
  },
  {
    "title": "Taco Sauce",
    "subtitle": "Mild, 230 g",
    "category": { "sub": "Taco", "parent": "Pizza og taco" },
    "price": { "price": 17.8, "unitPrice": 77.39, "unit": "kg", "qty": 0.23 }
  },
  {
    "title": "Taco Sauce",
    "subtitle": "Medium, 230 g",
    "category": { "sub": "Taco", "parent": "Pizza og taco" },
    "price": { "price": 16.6, "unitPrice": 72.17, "unit": "kg", "qty": 0.23 }
  },
  {
    "title": "Old El Paso Cheese & Red Pepper Dip",
    "subtitle": "320 g",
    "category": { "sub": "Taco", "parent": "Pizza og taco" },
    "price": { "price": 39.9, "unitPrice": 124.69, "unit": "kg", "qty": 0.32 }
  },
  {
    "title": "Taco Sauce Medium",
    "subtitle": "230 g",
    "category": { "sub": "Taco", "parent": "Pizza og taco" },
    "price": { "price": 14.8, "unitPrice": 64.35, "unit": "kg", "qty": 0.23 }
  },
  {
    "title": "Tacosauce Hot",
    "subtitle": "230 g",
    "category": { "sub": "Taco", "parent": "Pizza og taco" },
    "price": { "price": 6.9, "unitPrice": 30, "unit": "kg", "qty": 0.23 }
  },
  {
    "title": "Tacosauce Medium",
    "subtitle": "230 g",
    "category": { "sub": "Taco", "parent": "Pizza og taco" },
    "price": { "price": 5.9, "unitPrice": 25.65, "unit": "kg", "qty": 0.23 }
  },
  {
    "title": "Taste Lab Salsa Clasica 180g",
    "subtitle": "0,18 kg",
    "category": { "sub": "Taco", "parent": "Pizza og taco" },
    "price": { "price": 18.7, "unitPrice": 103.89, "unit": "kg", "qty": 0.18 }
  },
  {
    "title": "Salsasaus Chunky",
    "subtitle": "Mild, 315 g",
    "category": { "sub": "Taco", "parent": "Pizza og taco" },
    "price": { "price": 16.7, "unitPrice": 53.02, "unit": "kg", "qty": 0.31 }
  },
  {
    "title": "Jalapeños",
    "subtitle": "120 g",
    "category": { "sub": "Taco", "parent": "Pizza og taco" },
    "price": { "price": 21.6, "unitPrice": 180, "unit": "kg", "qty": 0.12 }
  },
  {
    "title": "Taco Spice Mix 3 stk",
    "subtitle": "3 x 25g, 75 g",
    "category": { "sub": "Taco", "parent": "Pizza og taco" },
    "price": { "price": 14.4, "unitPrice": 192, "unit": "kg", "qty": 0.07 }
  },
  {
    "title": "Taco Spice Mix",
    "subtitle": "25 g",
    "category": { "sub": "Taco", "parent": "Pizza og taco" },
    "price": { "price": 7.3, "unitPrice": 292, "unit": "kg", "qty": 0.02 }
  },
  {
    "title": "Crispy Fish Spice Mix",
    "subtitle": "85 g",
    "category": { "sub": "Taco", "parent": "Pizza og taco" },
    "price": { "price": 21.7, "unitPrice": 255.29, "unit": "kg", "qty": 0.09 }
  },
  {
    "title": "Guacamole Spicemix",
    "subtitle": "20 g",
    "category": { "sub": "Taco", "parent": "Pizza og taco" },
    "price": { "price": 10.4, "unitPrice": 520, "unit": "kg", "qty": 0.02 }
  },
  {
    "title": "Spice Mix Fajita",
    "subtitle": "Smoky BBQ, 30 g",
    "category": { "sub": "Taco", "parent": "Pizza og taco" },
    "price": { "price": 9.8, "unitPrice": 326.67, "unit": "kg", "qty": 0.03 }
  },
  {
    "title": "Tortillachips",
    "subtitle": "Ost, 185 g",
    "category": { "sub": "Taco", "parent": "Pizza og taco" },
    "price": { "price": 42.4, "unitPrice": 229.19, "unit": "kg", "qty": 0.18 }
  },
  {
    "title": "Nachips",
    "subtitle": "185 g",
    "category": { "sub": "Taco", "parent": "Pizza og taco" },
    "price": { "price": 23.8, "unitPrice": 128.65, "unit": "kg", "qty": 0.18 }
  },
  {
    "title": "Tortilla Chips Chili",
    "subtitle": "185 g",
    "category": { "sub": "Taco", "parent": "Pizza og taco" },
    "price": { "price": 26.8, "unitPrice": 144.86, "unit": "kg", "qty": 0.19 }
  },
  {
    "title": "Tortillachips Sea Salt",
    "subtitle": "185 g",
    "category": { "sub": "Taco", "parent": "Pizza og taco" },
    "price": { "price": 25.8, "unitPrice": 139.46, "unit": "kg", "qty": 0.18 }
  },
  {
    "title": "Tortilla Chips Cheese",
    "subtitle": "185 g",
    "category": { "sub": "Taco", "parent": "Pizza og taco" },
    "price": { "price": 37, "unitPrice": 200, "unit": "kg", "qty": 0.18 }
  },
  {
    "title": "Tortilla Chips Paprika",
    "subtitle": "185 g",
    "category": { "sub": "Taco", "parent": "Pizza og taco" },
    "price": { "price": 36.8, "unitPrice": 198.92, "unit": "kg", "qty": 0.18 }
  },
  {
    "title": "Tortilla Strips Original Salt 185g",
    "subtitle": "185 g",
    "category": { "sub": "Taco", "parent": "Pizza og taco" },
    "price": { "price": 34.2, "unitPrice": 184.86, "unit": "kg", "qty": 0.19 }
  },
  {
    "title": "Tortilla Bowls Chips",
    "subtitle": "150 g",
    "category": { "sub": "Taco", "parent": "Pizza og taco" },
    "price": { "price": 38.8, "unitPrice": 258.67, "unit": "kg", "qty": 0.15 }
  },
  {
    "title": "Tortilla Strips Cheese",
    "subtitle": "185 g",
    "category": { "sub": "Taco", "parent": "Pizza og taco" },
    "price": { "price": 35.8, "unitPrice": 193.51, "unit": "kg", "qty": 0.19 }
  },
  {
    "title": "Enchilada Kit",
    "subtitle": "657 g",
    "category": { "sub": "Taco", "parent": "Pizza og taco" },
    "price": { "price": 52.8, "unitPrice": 52.8, "unit": "stk", "qty": 1 }
  },
  {
    "title": "Enchilada Kit Glutenfri",
    "subtitle": "518 g",
    "category": { "sub": "Taco", "parent": "Pizza og taco" },
    "price": { "price": 65.3, "unitPrice": 126.06, "unit": "kg", "qty": 0.52 }
  },
  {
    "title": "Tortilla av Mais",
    "subtitle": "10 Cm, 20 stk",
    "category": { "sub": "Taco", "parent": "Pizza og taco" },
    "price": { "price": 43.5, "unitPrice": 174, "unit": "kg", "qty": 0.25 }
  },
  {
    "title": "Tortillas Hvete",
    "subtitle": "8 stk ca 20 cm",
    "category": { "sub": "Taco", "parent": "Pizza og taco" },
    "price": { "price": 14.2, "unitPrice": 44.38, "unit": "kg", "qty": 0.32 }
  },
  {
    "title": "Dip Mild Guacamole",
    "subtitle": "Taste Lab, 150 g",
    "category": { "sub": "Taco", "parent": "Pizza og taco" },
    "price": { "price": 25, "unitPrice": 166.67, "unit": "kg", "qty": 0.15 }
  },
  {
    "title": "Lettrømme 10%",
    "subtitle": "300 g",
    "category": { "sub": "Taco", "parent": "Pizza og taco" },
    "price": { "price": 17.8, "unitPrice": 59.33, "unit": "kg", "qty": 0.3 }
  },
  {
    "title": "Dip Tex Mex Style",
    "subtitle": "250 g",
    "category": { "sub": "Taco", "parent": "Pizza og taco" },
    "price": { "price": 37.8, "unitPrice": 151.2, "unit": "kg", "qty": 0.25 }
  },
  {
    "title": "Dip Nacho Cheese Style",
    "subtitle": "250 g",
    "category": { "sub": "Taco", "parent": "Pizza og taco" },
    "price": { "price": 37.8, "unitPrice": 151.2, "unit": "kg", "qty": 0.25 }
  },
  {
    "title": "Salsa Frisk Mango & Lime",
    "subtitle": "Økologisk, 240 g",
    "category": { "sub": "Taco", "parent": "Pizza og taco" },
    "price": { "price": 39.8, "unitPrice": 165.83, "unit": "kg", "qty": 0.24 }
  },
  {
    "title": "Salsa Mild Tomat & Koriander",
    "subtitle": "Økologisk, 240 g",
    "category": { "sub": "Taco", "parent": "Pizza og taco" },
    "price": { "price": 39.8, "unitPrice": 165.83, "unit": "kg", "qty": 0.24 }
  },
  {
    "title": "Salsa Sterk Chili & Hvitløk",
    "subtitle": "Økologisk, 240 g",
    "category": { "sub": "Taco", "parent": "Pizza og taco" },
    "price": { "price": 39.8, "unitPrice": 165.83, "unit": "kg", "qty": 0.24 }
  },
  {
    "title": "Tacokrydder",
    "subtitle": "Økologisk, 150 g",
    "category": { "sub": "Taco", "parent": "Pizza og taco" },
    "price": { "price": 34.8, "unitPrice": 232, "unit": "kg", "qty": 0.15 }
  },
  {
    "title": "Tacokrydder",
    "subtitle": "Økologisk, 70 g",
    "category": { "sub": "Taco", "parent": "Pizza og taco" },
    "price": { "price": 48.5, "unitPrice": 692.86, "unit": "kg", "qty": 0.07 }
  },
  {
    "title": "Taco Spice Mix Mild",
    "subtitle": "40 g",
    "category": { "sub": "Taco", "parent": "Pizza og taco" },
    "price": { "price": 11.4, "unitPrice": 285, "unit": "kg", "qty": 0.04 }
  },
  {
    "title": "Taco Spice Mix",
    "subtitle": "28 g",
    "category": { "sub": "Taco", "parent": "Pizza og taco" },
    "price": { "price": 7.4, "unitPrice": 264.29, "unit": "kg", "qty": 0.03 }
  },
  {
    "title": "Kryddermiks Kylling",
    "subtitle": "Taste Lab, 30 g",
    "category": { "sub": "Taco", "parent": "Pizza og taco" },
    "price": { "price": 5.2, "unitPrice": 173.33, "unit": "kg", "qty": 0.03 }
  },
  {
    "title": "Kryddermiks Kjøtt",
    "subtitle": "Taste Lab, 30 g",
    "category": { "sub": "Taco", "parent": "Pizza og taco" },
    "price": { "price": 5.2, "unitPrice": 173.33, "unit": "kg", "qty": 0.03 }
  },
  {
    "title": "Taco Trays",
    "subtitle": "8 stk, 145 g",
    "category": { "sub": "Taco", "parent": "Pizza og taco" },
    "price": { "price": 25.4, "unitPrice": 175.17, "unit": "kg", "qty": 0.15 }
  },
  {
    "title": "Taco Spice Mix",
    "subtitle": "40 g",
    "category": { "sub": "Taco", "parent": "Pizza og taco" },
    "price": { "price": 10.8, "unitPrice": 270, "unit": "kg", "qty": 0.04 }
  },
  {
    "title": "Nachochips Salt",
    "subtitle": "200 g",
    "category": { "sub": "Taco", "parent": "Pizza og taco" },
    "price": { "price": 14.5, "unitPrice": 72.5, "unit": "kg", "qty": 0.2 }
  },
  {
    "title": "Tortillachips Ost",
    "subtitle": "200 g",
    "category": { "sub": "Taco", "parent": "Pizza og taco" },
    "price": { "price": 14, "unitPrice": 70, "unit": "kg", "qty": 0.2 }
  },
  {
    "title": "Tortillachips Salt",
    "subtitle": "200 g",
    "category": { "sub": "Taco", "parent": "Pizza og taco" },
    "price": { "price": 13.8, "unitPrice": 69, "unit": "kg", "qty": 0.2 }
  },
  {
    "title": "Peppes Chorizo",
    "subtitle": "70 g",
    "category": { "sub": "Taco", "parent": "Pizza og taco" },
    "price": { "price": 29.9, "unitPrice": 427.14, "unit": "kg", "qty": 0.07 }
  },
  {
    "title": "El Yucateco Jalapeno Saus",
    "subtitle": "150 mm",
    "category": { "sub": "Taco", "parent": "Pizza og taco" },
    "price": { "price": 51.3, "unitPrice": 342, "unit": "m", "qty": 0.15 }
  },
  {
    "title": "Fersk Totensalsa hakket kvassere",
    "subtitle": "sterk, 165 g",
    "category": { "sub": "Taco", "parent": "Pizza og taco" },
    "price": { "price": 32.9, "unitPrice": 199.39, "unit": "kg", "qty": 0.17 }
  },
  {
    "title": "Guacamole Salsa",
    "subtitle": "320 g",
    "category": { "sub": "Taco", "parent": "Pizza og taco" },
    "price": { "price": 49.8, "unitPrice": 155.63, "unit": "kg", "qty": 0.32 }
  },
  {
    "title": "Jalapenos",
    "subtitle": "250 g",
    "category": { "sub": "Taco", "parent": "Pizza og taco" },
    "price": { "price": 21.8, "unitPrice": 87.2, "unit": "kg", "qty": 0.25 }
  },
  {
    "title": "Jalapeños Rød i Skiver",
    "subtitle": "Taste Lab, 220 g",
    "category": { "sub": "Taco", "parent": "Pizza og taco" },
    "price": { "price": 18.3, "unitPrice": 83.18, "unit": "kg", "qty": 0.22 }
  },
  {
    "title": "Mexicana Chicken Tinga Seasoningmix",
    "subtitle": "30 g",
    "category": { "sub": "Taco", "parent": "Pizza og taco" },
    "price": { "price": 15.6, "unitPrice": 520, "unit": "kg", "qty": 0.03 }
  },
  {
    "title": "Hvitløk & Ost Pizzabrød",
    "subtitle": "245 g",
    "category": { "sub": "Snacking", "parent": "Pizza og taco" },
    "price": { "price": 34.9, "unitPrice": 142.45, "unit": "kg", "qty": 0.24 }
  },
  {
    "title": "Hold-it",
    "subtitle": "Ost & Skinke Flerpakk, 440 g",
    "category": { "sub": "Snacking", "parent": "Pizza og taco" },
    "price": { "price": 63.7, "unitPrice": 144.77, "unit": "kg", "qty": 0.44 }
  },
  {
    "title": "Billys Pan Pizza Original",
    "subtitle": "170 g",
    "category": { "sub": "Snacking", "parent": "Pizza og taco" },
    "price": { "price": 20.8, "unitPrice": 122.35, "unit": "kg", "qty": 0.17 }
  },
  {
    "title": "Gorbys Pirog Original",
    "subtitle": "120 g",
    "category": { "sub": "Snacking", "parent": "Pizza og taco" },
    "price": { "price": 17.4, "unitPrice": 145, "unit": "kg", "qty": 0.12 }
  },
  {
    "title": "Grandiosa Pizzarull",
    "subtitle": "Ost & Skinke, 155 g",
    "category": { "sub": "Snacking", "parent": "Pizza og taco" },
    "price": { "price": 22.8, "unitPrice": 147.1, "unit": "kg", "qty": 0.15 }
  },
  {
    "title": "Calzone Pepperoni & Pesto",
    "subtitle": "305 g",
    "category": { "sub": "Snacking", "parent": "Pizza og taco" },
    "price": { "price": 38.6, "unitPrice": 126.56, "unit": "kg", "qty": 0.3 }
  },
  {
    "title": "Calzone Ost & Skinke",
    "subtitle": "305 g",
    "category": { "sub": "Snacking", "parent": "Pizza og taco" },
    "price": { "price": 38.6, "unitPrice": 126.56, "unit": "kg", "qty": 0.3 }
  },
  {
    "title": "Butterchicken med Kryddermiks",
    "subtitle": "360 g",
    "category": { "sub": "Indisk", "parent": "Asiatisk" },
    "price": { "price": 49.8, "unitPrice": 138.33, "unit": "kg", "qty": 0.36 }
  },
  {
    "title": "Tikka Masala med Kryddermiks",
    "subtitle": "Medium, 360 g",
    "category": { "sub": "Indisk", "parent": "Asiatisk" },
    "price": { "price": 49.8, "unitPrice": 138.33, "unit": "kg", "qty": 0.36 }
  },
  {
    "title": "Tandoori Saus",
    "subtitle": "360 g",
    "category": { "sub": "Indisk", "parent": "Asiatisk" },
    "price": { "price": 47.8, "unitPrice": 132.78, "unit": "kg", "qty": 0.36 }
  },
  {
    "title": "Korma Cooking Saus",
    "subtitle": "350 g",
    "category": { "sub": "Indisk", "parent": "Asiatisk" },
    "price": { "price": 36.8, "unitPrice": 105.14, "unit": "kg", "qty": 0.35 }
  },
  {
    "title": "Butter Chicken Cooking Saus",
    "subtitle": "350 g",
    "category": { "sub": "Indisk", "parent": "Asiatisk" },
    "price": { "price": 38.8, "unitPrice": 110.86, "unit": "kg", "qty": 0.35 }
  },
  {
    "title": "Tikka Masala Cooking Sauce",
    "subtitle": "350 g",
    "category": { "sub": "Indisk", "parent": "Asiatisk" },
    "price": { "price": 36.8, "unitPrice": 105.14, "unit": "kg", "qty": 0.35 }
  },
  {
    "title": "Cooking Saus Tikka Masala Hot & Spicy",
    "subtitle": "Curry Sauce, 350 g",
    "category": { "sub": "Indisk", "parent": "Asiatisk" },
    "price": { "price": 44.8, "unitPrice": 128, "unit": "kg", "qty": 0.35 }
  },
  {
    "title": "Jalfrezi Cooking Saus",
    "subtitle": "350 g",
    "category": { "sub": "Indisk", "parent": "Asiatisk" },
    "price": { "price": 45.8, "unitPrice": 130.86, "unit": "kg", "qty": 0.35 }
  },
  {
    "title": "Tandoori Cooking Sauce",
    "subtitle": "350 g",
    "category": { "sub": "Indisk", "parent": "Asiatisk" },
    "price": { "price": 34.4, "unitPrice": 98.29, "unit": "kg", "qty": 0.35 }
  },
  {
    "title": "Korma Karrisaus",
    "subtitle": "350 g",
    "category": { "sub": "Indisk", "parent": "Asiatisk" },
    "price": { "price": 32.9, "unitPrice": 94, "unit": "kg", "qty": 0.35 }
  },
  {
    "title": "Tikka Masala Saus",
    "subtitle": "350 g",
    "category": { "sub": "Indisk", "parent": "Asiatisk" },
    "price": { "price": 33.4, "unitPrice": 95.43, "unit": "kg", "qty": 0.35 }
  },
  {
    "title": "Tikka Masala Saus",
    "subtitle": "450 g",
    "category": { "sub": "Indisk", "parent": "Asiatisk" },
    "price": { "price": 29.4, "unitPrice": 65.33, "unit": "kg", "qty": 0.45 }
  },
  {
    "title": "Sweet Mango Chutney",
    "subtitle": "210 g",
    "category": { "sub": "Indisk", "parent": "Asiatisk" },
    "price": { "price": 25.8, "unitPrice": 122.86, "unit": "kg", "qty": 0.21 }
  },
  {
    "title": "Mango Chutney",
    "subtitle": "Orginal, 350 g",
    "category": { "sub": "Indisk", "parent": "Asiatisk" },
    "price": { "price": 25.4, "unitPrice": 72.57, "unit": "kg", "qty": 0.35 }
  },
  {
    "title": "Red Curry Paste",
    "subtitle": "110 g",
    "category": { "sub": "Indisk", "parent": "Asiatisk" },
    "price": { "price": 29.1, "unitPrice": 264.55, "unit": "kg", "qty": 0.11 }
  },
  {
    "title": "Grønn Curry Paste",
    "subtitle": "110 g",
    "category": { "sub": "Indisk", "parent": "Asiatisk" },
    "price": { "price": 29.1, "unitPrice": 264.55, "unit": "kg", "qty": 0.11 }
  },
  {
    "title": "Yellow Curry Paste",
    "subtitle": "110 g",
    "category": { "sub": "Indisk", "parent": "Asiatisk" },
    "price": { "price": 47.4, "unitPrice": 430.91, "unit": "kg", "qty": 0.11 }
  },
  {
    "title": "Green Curry Paste",
    "subtitle": "50 g",
    "category": { "sub": "Indisk", "parent": "Asiatisk" },
    "price": { "price": 28.8, "unitPrice": 576, "unit": "kg", "qty": 0.05 }
  },
  {
    "title": "Red Curry Paste",
    "subtitle": "50 g",
    "category": { "sub": "Indisk", "parent": "Asiatisk" },
    "price": { "price": 29.8, "unitPrice": 596, "unit": "kg", "qty": 0.05 }
  },
  {
    "title": "Tikka Masala Paste",
    "subtitle": "160 g",
    "category": { "sub": "Indisk", "parent": "Asiatisk" },
    "price": { "price": 37.8, "unitPrice": 236.25, "unit": "kg", "qty": 0.16 }
  },
  {
    "title": "Nirus Tikka Masala Paste",
    "subtitle": "200 g",
    "category": { "sub": "Indisk", "parent": "Asiatisk" },
    "price": { "price": 57.8, "unitPrice": 289, "unit": "kg", "qty": 0.2 }
  },
  {
    "title": "Nirus Mango & Lime Chutney",
    "subtitle": "250 g",
    "category": { "sub": "Indisk", "parent": "Asiatisk" },
    "price": { "price": 34.4, "unitPrice": 137.6, "unit": "kg", "qty": 0.25 }
  },
  {
    "title": "Koriander Paste",
    "subtitle": "200 g",
    "category": { "sub": "Indisk", "parent": "Asiatisk" },
    "price": { "price": 41.5, "unitPrice": 207.5, "unit": "kg", "qty": 0.2 }
  },
  {
    "title": "Nirus Curry Paste",
    "subtitle": "200 g",
    "category": { "sub": "Indisk", "parent": "Asiatisk" },
    "price": { "price": 37.4, "unitPrice": 187, "unit": "kg", "qty": 0.2 }
  },
  {
    "title": "Nirus Korma Paste",
    "subtitle": "200 g",
    "category": { "sub": "Indisk", "parent": "Asiatisk" },
    "price": { "price": 49.5, "unitPrice": 247.5, "unit": "kg", "qty": 0.2 }
  },
  {
    "title": "Butter Chicken",
    "subtitle": "200 g",
    "category": { "sub": "Indisk", "parent": "Asiatisk" },
    "price": { "price": 53.9, "unitPrice": 269.5, "unit": "kg", "qty": 0.2 }
  },
  {
    "title": "Nirus Special Mango Chutney",
    "subtitle": "250 g",
    "category": { "sub": "Indisk", "parent": "Asiatisk" },
    "price": { "price": 34.4, "unitPrice": 137.6, "unit": "kg", "qty": 0.25 }
  },
  {
    "title": "Chili Paste",
    "subtitle": "80 g",
    "category": { "sub": "Indisk", "parent": "Asiatisk" },
    "price": { "price": 41.1, "unitPrice": 513.75, "unit": "kg", "qty": 0.08 }
  },
  {
    "title": "Raita Miks",
    "subtitle": "50 g",
    "category": { "sub": "Indisk", "parent": "Asiatisk" },
    "price": { "price": 21.4, "unitPrice": 428, "unit": "kg", "qty": 0.05 }
  },
  {
    "title": "Raita Spice Mix",
    "subtitle": "8 g",
    "category": { "sub": "Indisk", "parent": "Asiatisk" },
    "price": { "price": 14.1, "unitPrice": 1762.5, "unit": "kg", "qty": 0.01 }
  },
  {
    "title": "Nirus Kikertemel",
    "subtitle": "500 g",
    "category": { "sub": "Indisk", "parent": "Asiatisk" },
    "price": { "price": 41.5, "unitPrice": 83, "unit": "kg", "qty": 0.5 }
  },
  {
    "title": "Mangopuré",
    "subtitle": "850 g",
    "category": { "sub": "Indisk", "parent": "Asiatisk" },
    "price": { "price": 51.8, "unitPrice": 60.94, "unit": "kg", "qty": 0.85 }
  },
  {
    "title": "Spisskummen",
    "subtitle": "20 g",
    "category": { "sub": "Indisk", "parent": "Asiatisk" },
    "price": { "price": 41.1, "unitPrice": 2055, "unit": "kg", "qty": 0.02 }
  },
  {
    "title": "Muskatblomme",
    "subtitle": "20 g",
    "category": { "sub": "Indisk", "parent": "Asiatisk" },
    "price": { "price": 41.1, "unitPrice": 2055, "unit": "kg", "qty": 0.02 }
  },
  {
    "title": "Kardemommekapsler",
    "subtitle": "40 g",
    "category": { "sub": "Indisk", "parent": "Asiatisk" },
    "price": { "price": 41.1, "unitPrice": 1027.5, "unit": "kg", "qty": 0.04 }
  },
  {
    "title": "Tørket Mynte",
    "subtitle": "1 stk",
    "category": { "sub": "Indisk", "parent": "Asiatisk" },
    "price": { "price": 41.1, "unitPrice": 41.1, "unit": "stk", "qty": 1 }
  },
  {
    "title": "Sennepsfrø",
    "subtitle": "75 g",
    "category": { "sub": "Indisk", "parent": "Asiatisk" },
    "price": { "price": 41.1, "unitPrice": 548, "unit": "kg", "qty": 0.07 }
  },
  {
    "title": "Munnoppfrisker",
    "subtitle": "65 g",
    "category": { "sub": "Indisk", "parent": "Asiatisk" },
    "price": { "price": 36.8, "unitPrice": 566.15, "unit": "kg", "qty": 0.07 }
  },
  {
    "title": "Chaat Masala",
    "subtitle": "50 g",
    "category": { "sub": "Indisk", "parent": "Asiatisk" },
    "price": { "price": 41.1, "unitPrice": 822, "unit": "kg", "qty": 0.05 }
  },
  {
    "title": "Bukkhornkløver",
    "subtitle": "10 g",
    "category": { "sub": "Indisk", "parent": "Asiatisk" },
    "price": { "price": 41.1, "unitPrice": 4110, "unit": "kg", "qty": 0.01 }
  },
  {
    "title": "Fennikelfrø",
    "subtitle": "50 g",
    "category": { "sub": "Indisk", "parent": "Asiatisk" },
    "price": { "price": 41.1, "unitPrice": 822, "unit": "kg", "qty": 0.05 }
  },
  {
    "title": "Dim Sum Reker",
    "subtitle": "20 stk, 500 g",
    "category": { "sub": "Indisk", "parent": "Asiatisk" },
    "price": { "price": 76.4, "unitPrice": 152.8, "unit": "kg", "qty": 0.5 }
  },
  {
    "title": "Dim Sum Reker Shomai",
    "subtitle": "20 stk",
    "category": { "sub": "Indisk", "parent": "Asiatisk" },
    "price": { "price": 76.4, "unitPrice": 152.8, "unit": "kg", "qty": 0.5 }
  },
  {
    "title": "Red Curry Paste",
    "subtitle": "110 g",
    "category": { "sub": "Wok", "parent": "Asiatisk" },
    "price": { "price": 29.1, "unitPrice": 264.55, "unit": "kg", "qty": 0.11 }
  },
  {
    "title": "Grønn Curry Paste",
    "subtitle": "110 g",
    "category": { "sub": "Wok", "parent": "Asiatisk" },
    "price": { "price": 29.1, "unitPrice": 264.55, "unit": "kg", "qty": 0.11 }
  },
  {
    "title": "Yellow Curry Paste",
    "subtitle": "110 g",
    "category": { "sub": "Wok", "parent": "Asiatisk" },
    "price": { "price": 47.4, "unitPrice": 430.91, "unit": "kg", "qty": 0.11 }
  },
  {
    "title": "Green Curry Paste",
    "subtitle": "50 g",
    "category": { "sub": "Wok", "parent": "Asiatisk" },
    "price": { "price": 28.8, "unitPrice": 576, "unit": "kg", "qty": 0.05 }
  },
  {
    "title": "Red Curry Paste",
    "subtitle": "50 g",
    "category": { "sub": "Wok", "parent": "Asiatisk" },
    "price": { "price": 29.8, "unitPrice": 596, "unit": "kg", "qty": 0.05 }
  },
  {
    "title": "Rich Hoisin Sauce",
    "subtitle": "190 ml",
    "category": { "sub": "Wok", "parent": "Asiatisk" },
    "price": { "price": 43.8, "unitPrice": 230.53, "unit": "l", "qty": 0.19 }
  },
  {
    "title": "Oyster Sauce 150ml",
    "subtitle": "150 ml",
    "category": { "sub": "Wok", "parent": "Asiatisk" },
    "price": { "price": 42.8, "unitPrice": 285.33, "unit": "l", "qty": 0.15 }
  },
  {
    "title": "Teriyaki Sauce",
    "subtitle": "300 ml",
    "category": { "sub": "Wok", "parent": "Asiatisk" },
    "price": { "price": 50.2, "unitPrice": 167.33, "unit": "l", "qty": 0.3 }
  },
  {
    "title": "Oyster Sauce",
    "subtitle": "200 ml",
    "category": { "sub": "Wok", "parent": "Asiatisk" },
    "price": { "price": 33.4, "unitPrice": 167, "unit": "l", "qty": 0.2 }
  },
  {
    "title": "Chop Suey",
    "subtitle": "Woksaus, 120 ml",
    "category": { "sub": "Wok", "parent": "Asiatisk" },
    "price": { "price": 20.8, "unitPrice": 173.33, "unit": "l", "qty": 0.12 }
  },
  {
    "title": "Black Pepper",
    "subtitle": "Woksaus, 120 g",
    "category": { "sub": "Wok", "parent": "Asiatisk" },
    "price": { "price": 20.8, "unitPrice": 173.33, "unit": "kg", "qty": 0.12 }
  },
  {
    "title": "Hoisin",
    "subtitle": "Woksaus, 120 g",
    "category": { "sub": "Wok", "parent": "Asiatisk" },
    "price": { "price": 22.4, "unitPrice": 186.67, "unit": "kg", "qty": 0.12 }
  },
  {
    "title": "Woksaus Coconut & Lime",
    "subtitle": "120 g",
    "category": { "sub": "Wok", "parent": "Asiatisk" },
    "price": { "price": 20.2, "unitPrice": 168.33, "unit": "kg", "qty": 0.12 }
  },
  {
    "title": "Oyster Spring Onion",
    "subtitle": "Woksaus, 120 g",
    "category": { "sub": "Wok", "parent": "Asiatisk" },
    "price": { "price": 18.8, "unitPrice": 156.67, "unit": "kg", "qty": 0.12 }
  },
  {
    "title": "Sweet & Sour",
    "subtitle": "Woksaus, 120 g",
    "category": { "sub": "Wok", "parent": "Asiatisk" },
    "price": { "price": 19.9, "unitPrice": 165.83, "unit": "kg", "qty": 0.12 }
  },
  {
    "title": "Teriyaki",
    "subtitle": "Woksaus, 120 g",
    "category": { "sub": "Wok", "parent": "Asiatisk" },
    "price": { "price": 17.8, "unitPrice": 148.33, "unit": "kg", "qty": 0.12 }
  },
  {
    "title": "Sweet Chili",
    "subtitle": "Woksaus, 120 g",
    "category": { "sub": "Wok", "parent": "Asiatisk" },
    "price": { "price": 21.4, "unitPrice": 178.33, "unit": "kg", "qty": 0.12 }
  },
  {
    "title": "Pad Thai Wok",
    "subtitle": "150 g",
    "category": { "sub": "Wok", "parent": "Asiatisk" },
    "price": { "price": 20.8, "unitPrice": 138.67, "unit": "kg", "qty": 0.15 }
  },
  {
    "title": "Soy & Sweet Chili Wok",
    "subtitle": "150 g",
    "category": { "sub": "Wok", "parent": "Asiatisk" },
    "price": { "price": 23.7, "unitPrice": 158, "unit": "kg", "qty": 0.15 }
  },
  {
    "title": "Soya Sesam Asian Naturals Woksaus",
    "subtitle": "120 g",
    "category": { "sub": "Wok", "parent": "Asiatisk" },
    "price": { "price": 21.4, "unitPrice": 178.33, "unit": "kg", "qty": 0.12 }
  },
  {
    "title": "Woksaus Lemongrass",
    "subtitle": "120 g",
    "category": { "sub": "Wok", "parent": "Asiatisk" },
    "price": { "price": 21.4, "unitPrice": 178.33, "unit": "kg", "qty": 0.12 }
  },
  {
    "title": "Panko Breadcrumbs",
    "subtitle": "120 g",
    "category": { "sub": "Wok", "parent": "Asiatisk" },
    "price": { "price": 53.8, "unitPrice": 448.33, "unit": "kg", "qty": 0.12 }
  },
  {
    "title": "Tempura Mix",
    "subtitle": "150 g",
    "category": { "sub": "Wok", "parent": "Asiatisk" },
    "price": { "price": 66.7, "unitPrice": 444.67, "unit": "kg", "qty": 0.15 }
  },
  {
    "title": "Sweet & Sour Original",
    "subtitle": "450 g",
    "category": { "sub": "Wok", "parent": "Asiatisk" },
    "price": { "price": 25.8, "unitPrice": 57.33, "unit": "kg", "qty": 0.45 }
  },
  {
    "title": "Sweet & Sour Wok",
    "subtitle": "240 ml",
    "category": { "sub": "Wok", "parent": "Asiatisk" },
    "price": { "price": 34.6, "unitPrice": 144.17, "unit": "l", "qty": 0.24 }
  },
  {
    "title": "Sweet & Sour Saus",
    "subtitle": "500 g",
    "category": { "sub": "Wok", "parent": "Asiatisk" },
    "price": { "price": 19.6, "unitPrice": 39.2, "unit": "kg", "qty": 0.5 }
  },
  {
    "title": "Teriyaki Wok",
    "subtitle": "240 ml",
    "category": { "sub": "Wok", "parent": "Asiatisk" },
    "price": { "price": 33.8, "unitPrice": 140.83, "unit": "l", "qty": 0.24 }
  },
  {
    "title": "Soya Sesam Wok",
    "subtitle": "240 ml",
    "category": { "sub": "Wok", "parent": "Asiatisk" },
    "price": { "price": 40.4, "unitPrice": 168.33, "unit": "l", "qty": 0.24 }
  },
  {
    "title": "Chili Hvitløk Wok",
    "subtitle": "240 ml",
    "category": { "sub": "Wok", "parent": "Asiatisk" },
    "price": { "price": 34.6, "unitPrice": 144.17, "unit": "l", "qty": 0.24 }
  },
  {
    "title": "Red Curry Wok",
    "subtitle": "240 ml",
    "category": { "sub": "Wok", "parent": "Asiatisk" },
    "price": { "price": 34.6, "unitPrice": 144.17, "unit": "l", "qty": 0.24 }
  },
  {
    "title": "Lemongrass Wok",
    "subtitle": "240 ml",
    "category": { "sub": "Wok", "parent": "Asiatisk" },
    "price": { "price": 34.6, "unitPrice": 144.17, "unit": "l", "qty": 0.24 }
  },
  {
    "title": "Chili Paste",
    "subtitle": "80 g",
    "category": { "sub": "Wok", "parent": "Asiatisk" },
    "price": { "price": 41.1, "unitPrice": 513.75, "unit": "kg", "qty": 0.08 }
  },
  {
    "title": "Sweet & Sour Woksaus",
    "subtitle": "180 g",
    "category": { "sub": "Wok", "parent": "Asiatisk" },
    "price": { "price": 10, "unitPrice": 55.56, "unit": "kg", "qty": 0.18 }
  },
  {
    "title": "Red Curry Woksaus",
    "subtitle": "180 g",
    "category": { "sub": "Wok", "parent": "Asiatisk" },
    "price": { "price": 10, "unitPrice": 55.56, "unit": "kg", "qty": 0.18 }
  },
  {
    "title": "Wokmiks Premium",
    "subtitle": "Vasket,Norge, 250 g",
    "category": { "sub": "Wokgrønnsaker", "parent": "Asiatisk" },
    "price": { "price": 31, "unitPrice": 124, "unit": "kg", "qty": 0.25 }
  },
  {
    "title": "Stekemix med Aspargesbrokkoli, Gulrot & Løk",
    "subtitle": "Kenya, 200 g",
    "category": { "sub": "Wokgrønnsaker", "parent": "Asiatisk" },
    "price": { "price": 41.5, "unitPrice": 207.5, "unit": "kg", "qty": 0.2 }
  },
  {
    "title": "Stekemix med Aspargesbønner Gulrot & Løk",
    "subtitle": "Norge/ Marokko, 200 g",
    "category": { "sub": "Wokgrønnsaker", "parent": "Asiatisk" },
    "price": { "price": 41.5, "unitPrice": 207.5, "unit": "kg", "qty": 0.2 }
  },
  {
    "title": "Pak Choi Wokmiks",
    "subtitle": "Vasket, Norge/ Spania, 250 g",
    "category": { "sub": "Wokgrønnsaker", "parent": "Asiatisk" },
    "price": { "price": 33.1, "unitPrice": 132.4, "unit": "kg", "qty": 0.25 }
  },
  {
    "title": "Svartkål Wokmiks",
    "subtitle": "Vasket, Norge, 200 g",
    "category": { "sub": "Wokgrønnsaker", "parent": "Asiatisk" },
    "price": { "price": 29, "unitPrice": 145, "unit": "kg", "qty": 0.2 }
  },
  {
    "title": "Wok Classic Big Pack",
    "subtitle": "850 g",
    "category": { "sub": "Wokgrønnsaker", "parent": "Asiatisk" },
    "price": { "price": 68.9, "unitPrice": 81.06, "unit": "kg", "qty": 0.85 }
  },
  {
    "title": "Indisk-inspirert Wok",
    "subtitle": "500 g",
    "category": { "sub": "Wokgrønnsaker", "parent": "Asiatisk" },
    "price": { "price": 32.6, "unitPrice": 65.2, "unit": "kg", "qty": 0.5 }
  },
  {
    "title": "Thai-inspirert Wok",
    "subtitle": "500 g",
    "category": { "sub": "Wokgrønnsaker", "parent": "Asiatisk" },
    "price": { "price": 37, "unitPrice": 74, "unit": "kg", "qty": 0.5 }
  },
  {
    "title": "Klassisk Wokblanding",
    "subtitle": "500 g",
    "category": { "sub": "Wokgrønnsaker", "parent": "Asiatisk" },
    "price": { "price": 26.7, "unitPrice": 53.4, "unit": "kg", "qty": 0.5 }
  },
  {
    "title": "Brokkoliblanding",
    "subtitle": "500 g",
    "category": { "sub": "Wokgrønnsaker", "parent": "Asiatisk" },
    "price": { "price": 19.8, "unitPrice": 39.6, "unit": "kg", "qty": 0.5 }
  },
  {
    "title": "Aspargesbønner",
    "subtitle": "Fryst, 300 g",
    "category": { "sub": "Wokgrønnsaker", "parent": "Asiatisk" },
    "price": { "price": 16, "unitPrice": 53.33, "unit": "kg", "qty": 0.3 }
  },
  {
    "title": "Brokkoli & Blomkål Blanding",
    "subtitle": "500 g",
    "category": { "sub": "Wokgrønnsaker", "parent": "Asiatisk" },
    "price": { "price": 26.5, "unitPrice": 53, "unit": "kg", "qty": 0.5 }
  },
  {
    "title": "Brokkolitopper",
    "subtitle": "450 g",
    "category": { "sub": "Wokgrønnsaker", "parent": "Asiatisk" },
    "price": { "price": 17.2, "unitPrice": 38.22, "unit": "kg", "qty": 0.45 }
  },
  {
    "title": "Krydret Bønneblanding",
    "subtitle": "500 g",
    "category": { "sub": "Wokgrønnsaker", "parent": "Asiatisk" },
    "price": { "price": 32.1, "unitPrice": 64.2, "unit": "kg", "qty": 0.5 }
  },
  {
    "title": "Laks Midloin",
    "subtitle": "300 g",
    "category": { "sub": "Sushi", "parent": "Asiatisk" },
    "price": { "price": 98.4, "unitPrice": 328, "unit": "kg", "qty": 0.3 }
  },
  {
    "title": "Laks Backloin",
    "subtitle": "180 g",
    "category": { "sub": "Sushi", "parent": "Asiatisk" },
    "price": { "price": 64.8, "unitPrice": 360, "unit": "kg", "qty": 0.18 }
  },
  {
    "title": "Sushi Ingefær",
    "subtitle": "190 g",
    "category": { "sub": "Sushi", "parent": "Asiatisk" },
    "price": { "price": 62.8, "unitPrice": 330.53, "unit": "kg", "qty": 0.19 }
  },
  {
    "title": "Sushi Ginger",
    "subtitle": "145 g",
    "category": { "sub": "Sushi", "parent": "Asiatisk" },
    "price": { "price": 60.3, "unitPrice": 415.86, "unit": "kg", "qty": 0.15 }
  },
  {
    "title": "Saitaku riseddik",
    "subtitle": "150 ml",
    "category": { "sub": "Sushi", "parent": "Asiatisk" },
    "price": { "price": 33.8, "unitPrice": 225.33, "unit": "l", "qty": 0.15 }
  },
  {
    "title": "Soyasaus Ponzu Sitrus",
    "subtitle": "150 ml",
    "category": { "sub": "Sushi", "parent": "Asiatisk" },
    "price": { "price": 47.4, "unitPrice": 316, "unit": "l", "qty": 0.15 }
  },
  {
    "title": "Riseddik",
    "subtitle": "150 ml",
    "category": { "sub": "Sushi", "parent": "Asiatisk" },
    "price": { "price": 47.4, "unitPrice": 316, "unit": "l", "qty": 0.15 }
  },
  {
    "title": "Kikkoman Sushi & Sashimisaus",
    "subtitle": "250 ml",
    "category": { "sub": "Sushi", "parent": "Asiatisk" },
    "price": { "price": 59.8, "unitPrice": 239.2, "unit": "l", "qty": 0.25 }
  },
  {
    "title": "Sushi Soyasaus",
    "subtitle": "150 ml",
    "category": { "sub": "Sushi", "parent": "Asiatisk" },
    "price": { "price": 49.8, "unitPrice": 332, "unit": "l", "qty": 0.15 }
  },
  {
    "title": "Sushi Salat Wakame",
    "subtitle": "125 g",
    "category": { "sub": "Sushi", "parent": "Asiatisk" },
    "price": { "price": 27.3, "unitPrice": 218.4, "unit": "kg", "qty": 0.13 }
  },
  {
    "title": "Sushi Nori",
    "subtitle": "5 ark, 11 g",
    "category": { "sub": "Sushi", "parent": "Asiatisk" },
    "price": { "price": 46.8, "unitPrice": 4254.55, "unit": "kg", "qty": 0.01 }
  },
  {
    "title": "Arctic Ocean Salad",
    "subtitle": "Vingetang, 250 ml",
    "category": { "sub": "Sushi", "parent": "Asiatisk" },
    "price": { "price": 129, "unitPrice": 516, "unit": "l", "qty": 0.25 }
  },
  {
    "title": "Spicy Seaspaghetti",
    "subtitle": "Knapptang, 250 ml",
    "category": { "sub": "Sushi", "parent": "Asiatisk" },
    "price": { "price": 129, "unitPrice": 516, "unit": "l", "qty": 0.25 }
  },
  {
    "title": "Sushiris",
    "subtitle": "500 g",
    "category": { "sub": "Sushi", "parent": "Asiatisk" },
    "price": { "price": 61.7, "unitPrice": 123.4, "unit": "kg", "qty": 0.5 }
  },
  {
    "title": "Edamame",
    "subtitle": "400 g",
    "category": { "sub": "Sushi", "parent": "Asiatisk" },
    "price": { "price": 29.8, "unitPrice": 74.5, "unit": "kg", "qty": 0.4 }
  },
  {
    "title": "Spisepinner",
    "subtitle": "8 par, 8 stk",
    "category": { "sub": "Sushi", "parent": "Asiatisk" },
    "price": { "price": 30.9, "unitPrice": 3.86, "unit": "stk", "qty": 8.01 }
  },
  {
    "title": "Naan Bread",
    "subtitle": "260 g",
    "category": { "sub": "Naan og papadums", "parent": "Asiatisk" },
    "price": { "price": 29.7, "unitPrice": 114.23, "unit": "kg", "qty": 0.26 }
  },
  {
    "title": "Naan Bread Garlic",
    "subtitle": "260 g",
    "category": { "sub": "Naan og papadums", "parent": "Asiatisk" },
    "price": { "price": 28.4, "unitPrice": 109.23, "unit": "kg", "qty": 0.26 }
  },
  {
    "title": "Papadums",
    "subtitle": "110 g",
    "category": { "sub": "Naan og papadums", "parent": "Asiatisk" },
    "price": { "price": 31.8, "unitPrice": 3.18, "unit": "stk", "qty": 10 }
  },
  {
    "title": "Parata Brød",
    "subtitle": "350 g",
    "category": { "sub": "Naan og papadums", "parent": "Asiatisk" },
    "price": { "price": 27.7, "unitPrice": 79.14, "unit": "kg", "qty": 0.35 }
  },
  {
    "title": "Rå Rotti brød",
    "subtitle": "25 stk, 1,6 kg",
    "category": { "sub": "Naan og papadums", "parent": "Asiatisk" },
    "price": { "price": 76.4, "unitPrice": 47.75, "unit": "kg", "qty": 1.6 }
  },
  {
    "title": "Naanbrød Mini med Hvitløk & Koriander",
    "subtitle": "4 stk, 240 g",
    "category": { "sub": "Naan og papadums", "parent": "Asiatisk" },
    "price": { "price": 33.1, "unitPrice": 137.92, "unit": "kg", "qty": 0.24 }
  },
  {
    "title": "Naanbrød Original Mini",
    "subtitle": "4 stk, 240 g",
    "category": { "sub": "Naan og papadums", "parent": "Asiatisk" },
    "price": { "price": 33.1, "unitPrice": 137.92, "unit": "kg", "qty": 0.24 }
  },
  {
    "title": "Nirus Håndlagde Hvitløksnan",
    "subtitle": "260 g",
    "category": { "sub": "Naan og papadums", "parent": "Asiatisk" },
    "price": { "price": 38.9, "unitPrice": 149.62, "unit": "kg", "qty": 0.26 }
  },
  {
    "title": "Nirus Håndlagde Nan",
    "subtitle": "260 g",
    "category": { "sub": "Naan og papadums", "parent": "Asiatisk" },
    "price": { "price": 36.8, "unitPrice": 141.54, "unit": "kg", "qty": 0.26 }
  },
  {
    "title": "Papadam med Spisskummen",
    "subtitle": "125 g",
    "category": { "sub": "Naan og papadums", "parent": "Asiatisk" },
    "price": { "price": 28.8, "unitPrice": 230.4, "unit": "kg", "qty": 0.13 }
  },
  {
    "title": "Nirus Papadam Orginal",
    "subtitle": "125 g",
    "category": { "sub": "Naan og papadums", "parent": "Asiatisk" },
    "price": { "price": 32.2, "unitPrice": 257.6, "unit": "kg", "qty": 0.13 }
  },
  {
    "title": "Kikkoman Soyasaus",
    "subtitle": "1 l",
    "category": { "sub": "Soyasaus og chilisaus", "parent": "Asiatisk" },
    "price": { "price": 123.5, "unitPrice": 123.5, "unit": "l", "qty": 1 }
  },
  {
    "title": "Soyasaus",
    "subtitle": "500 ml",
    "category": { "sub": "Soyasaus og chilisaus", "parent": "Asiatisk" },
    "price": { "price": 74.4, "unitPrice": 148.8, "unit": "l", "qty": 0.5 }
  },
  {
    "title": "Sushi Soyasaus",
    "subtitle": "150 ml",
    "category": { "sub": "Soyasaus og chilisaus", "parent": "Asiatisk" },
    "price": { "price": 49.8, "unitPrice": 332, "unit": "l", "qty": 0.15 }
  },
  {
    "title": "Soyasaus Ponzu Sitrus",
    "subtitle": "150 ml",
    "category": { "sub": "Soyasaus og chilisaus", "parent": "Asiatisk" },
    "price": { "price": 47.4, "unitPrice": 316, "unit": "l", "qty": 0.15 }
  },
  {
    "title": "Soyasaus Glutenfri",
    "subtitle": "250 ml",
    "category": { "sub": "Soyasaus og chilisaus", "parent": "Asiatisk" },
    "price": { "price": 54.8, "unitPrice": 219.2, "unit": "l", "qty": 0.25 }
  },
  {
    "title": "Kikkoman Sushi & Sashimisaus",
    "subtitle": "250 ml",
    "category": { "sub": "Soyasaus og chilisaus", "parent": "Asiatisk" },
    "price": { "price": 59.8, "unitPrice": 239.2, "unit": "l", "qty": 0.25 }
  },
  {
    "title": "Soyasaus Økologisk",
    "subtitle": "250 ml",
    "category": { "sub": "Soyasaus og chilisaus", "parent": "Asiatisk" },
    "price": { "price": 87.4, "unitPrice": 349.6, "unit": "l", "qty": 0.25 }
  },
  {
    "title": "Soyasaus Mindre Salt",
    "subtitle": "150 ml",
    "category": { "sub": "Soyasaus og chilisaus", "parent": "Asiatisk" },
    "price": { "price": 27.8, "unitPrice": 185.33, "unit": "l", "qty": 0.15 }
  },
  {
    "title": "Kikkoman Soyasaus",
    "subtitle": "150 ml",
    "category": { "sub": "Soyasaus og chilisaus", "parent": "Asiatisk" },
    "price": { "price": 22.9, "unitPrice": 152.67, "unit": "l", "qty": 0.15 }
  },
  {
    "title": "Sesamolje",
    "subtitle": "150 ml",
    "category": { "sub": "Soyasaus og chilisaus", "parent": "Asiatisk" },
    "price": { "price": 69.8, "unitPrice": 465.33, "unit": "l", "qty": 0.15 }
  },
  {
    "title": "Rich Hoisin Sauce",
    "subtitle": "190 ml",
    "category": { "sub": "Soyasaus og chilisaus", "parent": "Asiatisk" },
    "price": { "price": 43.8, "unitPrice": 230.53, "unit": "l", "qty": 0.19 }
  },
  {
    "title": "Fish Sauce",
    "subtitle": "150 ml",
    "category": { "sub": "Soyasaus og chilisaus", "parent": "Asiatisk" },
    "price": { "price": 34.4, "unitPrice": 229.33, "unit": "l", "qty": 0.15 }
  },
  {
    "title": "Teriyaki Sauce",
    "subtitle": "300 ml",
    "category": { "sub": "Soyasaus og chilisaus", "parent": "Asiatisk" },
    "price": { "price": 50.2, "unitPrice": 167.33, "unit": "l", "qty": 0.3 }
  },
  {
    "title": "Oyster Sauce",
    "subtitle": "200 ml",
    "category": { "sub": "Soyasaus og chilisaus", "parent": "Asiatisk" },
    "price": { "price": 33.4, "unitPrice": 167, "unit": "l", "qty": 0.2 }
  },
  {
    "title": "Oyster Sauce 150ml",
    "subtitle": "150 ml",
    "category": { "sub": "Soyasaus og chilisaus", "parent": "Asiatisk" },
    "price": { "price": 42.8, "unitPrice": 285.33, "unit": "l", "qty": 0.15 }
  },
  {
    "title": "Tamari Soyasaus",
    "subtitle": "150 ml",
    "category": { "sub": "Soyasaus og chilisaus", "parent": "Asiatisk" },
    "price": { "price": 65.4, "unitPrice": 436, "unit": "l", "qty": 0.15 }
  },
  {
    "title": "Teriyaki Dipping Sauce",
    "subtitle": "190 ml",
    "category": { "sub": "Soyasaus og chilisaus", "parent": "Asiatisk" },
    "price": { "price": 56.8, "unitPrice": 298.95, "unit": "l", "qty": 0.19 }
  },
  {
    "title": "Poke Sauce",
    "subtitle": "250 ml",
    "category": { "sub": "Soyasaus og chilisaus", "parent": "Asiatisk" },
    "price": { "price": 75.8, "unitPrice": 303.2, "unit": "l", "qty": 0.25 }
  },
  {
    "title": "Ketjap Manis",
    "subtitle": "0,13 l",
    "category": { "sub": "Soyasaus og chilisaus", "parent": "Asiatisk" },
    "price": { "price": 28.9, "unitPrice": 222.31, "unit": "l", "qty": 0.13 }
  },
  {
    "title": "Sweet Chili Saus",
    "subtitle": "700 ml",
    "category": { "sub": "Soyasaus og chilisaus", "parent": "Asiatisk" },
    "price": { "price": 37.5, "unitPrice": 53.57, "unit": "l", "qty": 0.7 }
  },
  {
    "title": "Sweet Chillisaus",
    "subtitle": "640 ml",
    "category": { "sub": "Soyasaus og chilisaus", "parent": "Asiatisk" },
    "price": { "price": 55.7, "unitPrice": 87.03, "unit": "l", "qty": 0.64 }
  },
  {
    "title": "Sweet Chili Sauce Ginger",
    "subtitle": "200 ml",
    "category": { "sub": "Soyasaus og chilisaus", "parent": "Asiatisk" },
    "price": { "price": 23.4, "unitPrice": 117, "unit": "l", "qty": 0.2 }
  },
  {
    "title": "Sweet Chilli og Ingefærsaus",
    "subtitle": "190 g",
    "category": { "sub": "Soyasaus og chilisaus", "parent": "Asiatisk" },
    "price": { "price": 48.4, "unitPrice": 254.74, "unit": "kg", "qty": 0.19 }
  },
  {
    "title": "Sriracha-Saus",
    "subtitle": "215 ml",
    "category": { "sub": "Soyasaus og chilisaus", "parent": "Asiatisk" },
    "price": { "price": 28.8, "unitPrice": 133.95, "unit": "l", "qty": 0.22 }
  },
  {
    "title": "Sriracha Mayo",
    "subtitle": "250 g",
    "category": { "sub": "Soyasaus og chilisaus", "parent": "Asiatisk" },
    "price": { "price": 41.9, "unitPrice": 167.6, "unit": "kg", "qty": 0.25 }
  },
  {
    "title": "Sriracha",
    "subtitle": "435 ml",
    "category": { "sub": "Soyasaus og chilisaus", "parent": "Asiatisk" },
    "price": { "price": 54.4, "unitPrice": 125.06, "unit": "l", "qty": 0.43 }
  },
  {
    "title": "Chilisaus Mindre Sukker",
    "subtitle": "475 ml",
    "category": { "sub": "Soyasaus og chilisaus", "parent": "Asiatisk" },
    "price": { "price": 49.8, "unitPrice": 104.84, "unit": "l", "qty": 0.48 }
  },
  {
    "title": "Sambal Oelek",
    "subtitle": "234 g",
    "category": { "sub": "Soyasaus og chilisaus", "parent": "Asiatisk" },
    "price": { "price": 48.8, "unitPrice": 208.55, "unit": "kg", "qty": 0.23 }
  },
  {
    "title": "Sambal Oelek",
    "subtitle": "200 g",
    "category": { "sub": "Soyasaus og chilisaus", "parent": "Asiatisk" },
    "price": { "price": 28.8, "unitPrice": 144, "unit": "kg", "qty": 0.2 }
  },
  {
    "title": "Chilipaste Sambal Oelek",
    "subtitle": "100 g",
    "category": { "sub": "Soyasaus og chilisaus", "parent": "Asiatisk" },
    "price": { "price": 33.3, "unitPrice": 333, "unit": "kg", "qty": 0.1 }
  },
  {
    "title": "Harissa Chilipaste",
    "subtitle": "70 g",
    "category": { "sub": "Soyasaus og chilisaus", "parent": "Asiatisk" },
    "price": { "price": 15.7, "unitPrice": 224.29, "unit": "kg", "qty": 0.07 }
  },
  {
    "title": "TABASCO® Sauce",
    "subtitle": "60 ml",
    "category": { "sub": "Soyasaus og chilisaus", "parent": "Asiatisk" },
    "price": { "price": 49.9, "unitPrice": 831.67, "unit": "l", "qty": 0.06 }
  },
  {
    "title": "Døgnvill Chilisaus",
    "subtitle": "100 g",
    "category": { "sub": "Soyasaus og chilisaus", "parent": "Asiatisk" },
    "price": { "price": 21.9, "unitPrice": 219, "unit": "kg", "qty": 0.1 }
  },
  {
    "title": "Dim Sum Dumplings",
    "subtitle": "20 stk",
    "category": { "sub": "Ris og nudler", "parent": "Asiatisk" },
    "price": { "price": 76.4, "unitPrice": 152.8, "unit": "kg", "qty": 0.5 }
  },
  {
    "title": "Jasminris",
    "subtitle": "8x125g, Boil-in-bag, 1 kg",
    "category": { "sub": "Ris og nudler", "parent": "Asiatisk" },
    "price": { "price": 36.5, "unitPrice": 36.5, "unit": "kg", "qty": 1 }
  },
  {
    "title": "Middagsris",
    "subtitle": "Boil In Bag 8x125g, 1 kg",
    "category": { "sub": "Ris og nudler", "parent": "Asiatisk" },
    "price": { "price": 38.9, "unitPrice": 38.9, "unit": "kg", "qty": 1 }
  },
  {
    "title": "Vårrull Wrap",
    "subtitle": "12 stk, 134 g",
    "category": { "sub": "Ris og nudler", "parent": "Asiatisk" },
    "price": { "price": 68.8, "unitPrice": 513.43, "unit": "kg", "qty": 0.13 }
  },
  {
    "title": "Sushiris",
    "subtitle": "500 g",
    "category": { "sub": "Ris og nudler", "parent": "Asiatisk" },
    "price": { "price": 61.7, "unitPrice": 123.4, "unit": "kg", "qty": 0.5 }
  },
  {
    "title": "Nirus Basmati Ris",
    "subtitle": "500 g",
    "category": { "sub": "Ris og nudler", "parent": "Asiatisk" },
    "price": { "price": 39.8, "unitPrice": 79.6, "unit": "kg", "qty": 0.5 }
  },
  {
    "title": "Basmatiris Løs",
    "subtitle": "500 g",
    "category": { "sub": "Ris og nudler", "parent": "Asiatisk" },
    "price": { "price": 28.4, "unitPrice": 56.8, "unit": "kg", "qty": 0.5 }
  },
  {
    "title": "Fullkornsris",
    "subtitle": "Boil-in-bag 8x125g, 1 kg",
    "category": { "sub": "Ris og nudler", "parent": "Asiatisk" },
    "price": { "price": 40, "unitPrice": 40, "unit": "kg", "qty": 1 }
  },
  {
    "title": "Basmatiris",
    "subtitle": "Boil-in-bag, 1 kg",
    "category": { "sub": "Ris og nudler", "parent": "Asiatisk" },
    "price": { "price": 56.2, "unitPrice": 56.2, "unit": "kg", "qty": 1 }
  },
  {
    "title": "Eggnudler",
    "subtitle": "250 g",
    "category": { "sub": "Ris og nudler", "parent": "Asiatisk" },
    "price": { "price": 12.8, "unitPrice": 51.2, "unit": "kg", "qty": 0.25 }
  },
  {
    "title": "Jasminris Boil in Bag",
    "subtitle": "8 poser, 960 g",
    "category": { "sub": "Ris og nudler", "parent": "Asiatisk" },
    "price": { "price": 35.9, "unitPrice": 37.4, "unit": "kg", "qty": 0.96 }
  },
  {
    "title": "Glassnudler",
    "subtitle": "100 g",
    "category": { "sub": "Ris og nudler", "parent": "Asiatisk" },
    "price": { "price": 29.8, "unitPrice": 298, "unit": "kg", "qty": 0.1 }
  },
  {
    "title": "Hvetenudler Fullkorn",
    "subtitle": "Økologisk, 200 g",
    "category": { "sub": "Ris og nudler", "parent": "Asiatisk" },
    "price": { "price": 51.2, "unitPrice": 256, "unit": "kg", "qty": 0.2 }
  },
  {
    "title": "Jasminris",
    "subtitle": "2 kg",
    "category": { "sub": "Ris og nudler", "parent": "Asiatisk" },
    "price": { "price": 44.9, "unitPrice": 22.45, "unit": "kg", "qty": 2 }
  },
  {
    "title": "Jasminris",
    "subtitle": "4 kg",
    "category": { "sub": "Ris og nudler", "parent": "Asiatisk" },
    "price": { "price": 49.9, "unitPrice": 12.48, "unit": "kg", "qty": 4 }
  },
  {
    "title": "Middagsris Ståpose",
    "subtitle": "2 kg",
    "category": { "sub": "Ris og nudler", "parent": "Asiatisk" },
    "price": { "price": 30.1, "unitPrice": 15.05, "unit": "kg", "qty": 2 }
  },
  {
    "title": "Go-Tan Risnudler Miehoen",
    "subtitle": "250 g",
    "category": { "sub": "Ris og nudler", "parent": "Asiatisk" },
    "price": { "price": 51.8, "unitPrice": 207.2, "unit": "kg", "qty": 0.25 }
  },
  {
    "title": "Rice Noodles",
    "subtitle": "180 g",
    "category": { "sub": "Ris og nudler", "parent": "Asiatisk" },
    "price": { "price": 31.4, "unitPrice": 174.44, "unit": "kg", "qty": 0.18 }
  },
  {
    "title": "Økologisk Jasminris",
    "subtitle": "550 g",
    "category": { "sub": "Ris og nudler", "parent": "Asiatisk" },
    "price": { "price": 24.9, "unitPrice": 45.27, "unit": "kg", "qty": 0.55 }
  },
  {
    "title": "Økologisk Brun Basmatiris",
    "subtitle": "550 g",
    "category": { "sub": "Ris og nudler", "parent": "Asiatisk" },
    "price": { "price": 50, "unitPrice": 90.91, "unit": "kg", "qty": 0.55 }
  },
  {
    "title": "Eggnudler",
    "subtitle": "200 g",
    "category": { "sub": "Ris og nudler", "parent": "Asiatisk" },
    "price": { "price": 23.4, "unitPrice": 117, "unit": "kg", "qty": 0.2 }
  },
  {
    "title": "Fullkornsnudler",
    "subtitle": "250 g",
    "category": { "sub": "Ris og nudler", "parent": "Asiatisk" },
    "price": { "price": 16.1, "unitPrice": 64.4, "unit": "kg", "qty": 0.25 }
  },
  {
    "title": "Basmatiris Villris",
    "subtitle": "8 x 125g, Boil-in-bag, 1 kg",
    "category": { "sub": "Ris og nudler", "parent": "Asiatisk" },
    "price": { "price": 78.6, "unitPrice": 78.6, "unit": "kg", "qty": 1 }
  },
  {
    "title": "Kokosmelk",
    "subtitle": "400 ml",
    "category": { "sub": "Kokosmelk", "parent": "Asiatisk" },
    "price": { "price": 19, "unitPrice": 47.5, "unit": "l", "qty": 0.4 }
  },
  {
    "title": "Kokosmelk",
    "subtitle": "250 ml",
    "category": { "sub": "Kokosmelk", "parent": "Asiatisk" },
    "price": { "price": 17.1, "unitPrice": 68.4, "unit": "l", "qty": 0.25 }
  },
  {
    "title": "Kokosmelk Lett",
    "subtitle": "400 ml",
    "category": { "sub": "Kokosmelk", "parent": "Asiatisk" },
    "price": { "price": 18.6, "unitPrice": 46.5, "unit": "l", "qty": 0.4 }
  },
  {
    "title": "Kokosmelk Mini",
    "subtitle": "165 ml",
    "category": { "sub": "Kokosmelk", "parent": "Asiatisk" },
    "price": { "price": 13.2, "unitPrice": 80, "unit": "l", "qty": 0.16 }
  },
  {
    "title": "Farris Bris Naturell",
    "subtitle": "1,5 l",
    "category": { "sub": "Vann og mineralvann", "parent": "Drikkevarer" },
    "price": { "price": 19.9, "unitPrice": 13.27, "unit": "l", "qty": 1.5 }
  },
  {
    "title": "Farris Naturell",
    "subtitle": "1,5 l",
    "category": { "sub": "Vann og mineralvann", "parent": "Drikkevarer" },
    "price": { "price": 19.9, "unitPrice": 13.27, "unit": "l", "qty": 1.5 }
  },
  {
    "title": "Farris Naturell",
    "subtitle": "0,5 l",
    "category": { "sub": "Vann og mineralvann", "parent": "Drikkevarer" },
    "price": { "price": 19.9, "unitPrice": 39.8, "unit": "l", "qty": 0.5 }
  },
  {
    "title": "Farris Bris Bringebær Limonade",
    "subtitle": "1,5 l",
    "category": { "sub": "Vann og mineralvann", "parent": "Drikkevarer" },
    "price": { "price": 19.9, "unitPrice": 13.27, "unit": "l", "qty": 1.5 }
  },
  {
    "title": "Farris Bris Jordbær & Kiwi",
    "subtitle": "1,5 l",
    "category": { "sub": "Vann og mineralvann", "parent": "Drikkevarer" },
    "price": { "price": 19.9, "unitPrice": 13.27, "unit": "l", "qty": 1.5 }
  },
  {
    "title": "Farris Bris Mango & Papaya",
    "subtitle": "1,5 l",
    "category": { "sub": "Vann og mineralvann", "parent": "Drikkevarer" },
    "price": { "price": 19.9, "unitPrice": 13.27, "unit": "l", "qty": 1.5 }
  },
  {
    "title": "Farris Bris Sitron & Sitrongress",
    "subtitle": "1,5 l",
    "category": { "sub": "Vann og mineralvann", "parent": "Drikkevarer" },
    "price": { "price": 19.9, "unitPrice": 13.27, "unit": "l", "qty": 1.5 }
  },
  {
    "title": "Farris Sitron",
    "subtitle": "1,5 l",
    "category": { "sub": "Vann og mineralvann", "parent": "Drikkevarer" },
    "price": { "price": 19.9, "unitPrice": 13.27, "unit": "l", "qty": 1.5 }
  },
  {
    "title": "Farris Lime",
    "subtitle": "1,5 l",
    "category": { "sub": "Vann og mineralvann", "parent": "Drikkevarer" },
    "price": { "price": 19.9, "unitPrice": 13.27, "unit": "l", "qty": 1.5 }
  },
  {
    "title": "Farris Bris Naturell",
    "subtitle": "0,5 l",
    "category": { "sub": "Vann og mineralvann", "parent": "Drikkevarer" },
    "price": { "price": 19.9, "unitPrice": 39.8, "unit": "l", "qty": 0.5 }
  },
  {
    "title": "Ramlösa Citrus",
    "subtitle": "24 x 0,33l, 7,92 l",
    "category": { "sub": "Vann og mineralvann", "parent": "Drikkevarer" },
    "price": { "price": 172.4, "unitPrice": 21.77, "unit": "l", "qty": 7.92 }
  },
  {
    "title": "Ramlösa Original",
    "subtitle": "24 x 0,33l, 7,92 l",
    "category": { "sub": "Vann og mineralvann", "parent": "Drikkevarer" },
    "price": { "price": 172.4, "unitPrice": 21.77, "unit": "l", "qty": 7.92 }
  },
  {
    "title": "Olden Frisk Eple",
    "subtitle": "Med Kullsyre, 1,25 l",
    "category": { "sub": "Vann og mineralvann", "parent": "Drikkevarer" },
    "price": { "price": 31.6, "unitPrice": 25.28, "unit": "l", "qty": 1.25 }
  },
  {
    "title": "Grans Taffel med Kullsyre",
    "subtitle": "1,5 l",
    "category": { "sub": "Vann og mineralvann", "parent": "Drikkevarer" },
    "price": { "price": 13, "unitPrice": 8.67, "unit": "l", "qty": 1.5 }
  },
  {
    "title": "Grans Taffel Med Lime",
    "subtitle": "1,5 l",
    "category": { "sub": "Vann og mineralvann", "parent": "Drikkevarer" },
    "price": { "price": 13, "unitPrice": 8.67, "unit": "l", "qty": 1.5 }
  },
  {
    "title": "Grans Taffel Eple",
    "subtitle": "1,5 l",
    "category": { "sub": "Vann og mineralvann", "parent": "Drikkevarer" },
    "price": { "price": 13, "unitPrice": 8.67, "unit": "l", "qty": 1.5 }
  },
  {
    "title": "Grans Taffel Fersken",
    "subtitle": "1,5 l",
    "category": { "sub": "Vann og mineralvann", "parent": "Drikkevarer" },
    "price": { "price": 13.4, "unitPrice": 8.93, "unit": "l", "qty": 1.5 }
  },
  {
    "title": "Farris Bris Sitron & Sitrongress",
    "subtitle": "0,5 l",
    "category": { "sub": "Vann og mineralvann", "parent": "Drikkevarer" },
    "price": { "price": 19.9, "unitPrice": 39.8, "unit": "l", "qty": 0.5 }
  },
  {
    "title": "Farris Bris Bringebær & Limonade",
    "subtitle": "0,5 l",
    "category": { "sub": "Vann og mineralvann", "parent": "Drikkevarer" },
    "price": { "price": 19.9, "unitPrice": 39.8, "unit": "l", "qty": 0.5 }
  },
  {
    "title": "Farris Bris Mango & Papaya",
    "subtitle": "0,5 l",
    "category": { "sub": "Vann og mineralvann", "parent": "Drikkevarer" },
    "price": { "price": 19.9, "unitPrice": 39.8, "unit": "l", "qty": 0.5 }
  },
  {
    "title": "Farris Bris Jordbær & Kiwi",
    "subtitle": "0,5 l",
    "category": { "sub": "Vann og mineralvann", "parent": "Drikkevarer" },
    "price": { "price": 19.9, "unitPrice": 39.8, "unit": "l", "qty": 0.5 }
  },
  {
    "title": "Farris Sitron",
    "subtitle": "0,5 l",
    "category": { "sub": "Vann og mineralvann", "parent": "Drikkevarer" },
    "price": { "price": 19.9, "unitPrice": 39.8, "unit": "l", "qty": 0.5 }
  },
  {
    "title": "Farris Lime",
    "subtitle": "0,5 l",
    "category": { "sub": "Vann og mineralvann", "parent": "Drikkevarer" },
    "price": { "price": 19.9, "unitPrice": 39.8, "unit": "l", "qty": 0.5 }
  },
  {
    "title": "Olden Frisk Eple",
    "subtitle": "Med Kullsyre, 0,5 l",
    "category": { "sub": "Vann og mineralvann", "parent": "Drikkevarer" },
    "price": { "price": 24.2, "unitPrice": 48.4, "unit": "l", "qty": 0.5 }
  },
  {
    "title": "Olden Stillvann",
    "subtitle": "0,5 l",
    "category": { "sub": "Vann og mineralvann", "parent": "Drikkevarer" },
    "price": { "price": 20.6, "unitPrice": 41.2, "unit": "l", "qty": 0.5 }
  },
  {
    "title": "Grans Taffel Stillvann",
    "subtitle": "0,45 l",
    "category": { "sub": "Vann og mineralvann", "parent": "Drikkevarer" },
    "price": { "price": 13.8, "unitPrice": 30.67, "unit": "l", "qty": 0.45 }
  },
  {
    "title": "Vitamin Well Antioxidant",
    "subtitle": "0,5 l",
    "category": { "sub": "Vann og mineralvann", "parent": "Drikkevarer" },
    "price": { "price": 29.8, "unitPrice": 59.6, "unit": "l", "qty": 0.5 }
  },
  {
    "title": "Vitamin Well Awake",
    "subtitle": "0,5 l",
    "category": { "sub": "Vann og mineralvann", "parent": "Drikkevarer" },
    "price": { "price": 30.4, "unitPrice": 60.8, "unit": "l", "qty": 0.5 }
  },
  {
    "title": "Vitamin Well Refresh",
    "subtitle": "Limonade, 0,5 l",
    "category": { "sub": "Vann og mineralvann", "parent": "Drikkevarer" },
    "price": { "price": 29.9, "unitPrice": 59.8, "unit": "l", "qty": 0.5 }
  },
  {
    "title": "Imsdal Vann",
    "subtitle": "1,5 l",
    "category": { "sub": "Vann og mineralvann", "parent": "Drikkevarer" },
    "price": { "price": 23.3, "unitPrice": 15.53, "unit": "l", "qty": 1.5 }
  },
  {
    "title": "Imsdal Vann",
    "subtitle": "0,5 l",
    "category": { "sub": "Vann og mineralvann", "parent": "Drikkevarer" },
    "price": { "price": 17.4, "unitPrice": 34.8, "unit": "l", "qty": 0.5 }
  },
  {
    "title": "Imsdal Vann",
    "subtitle": "0,65 l",
    "category": { "sub": "Vann og mineralvann", "parent": "Drikkevarer" },
    "price": { "price": 23.8, "unitPrice": 36.62, "unit": "l", "qty": 0.65 }
  },
  {
    "title": "Imsdal Vann Barn",
    "subtitle": "Med Sportscap, 0,3 l",
    "category": { "sub": "Vann og mineralvann", "parent": "Drikkevarer" },
    "price": { "price": 19.4, "unitPrice": 64.67, "unit": "l", "qty": 0.3 }
  },
  {
    "title": "Imsdal Sitron",
    "subtitle": "0 kalorier, 0,65 l",
    "category": { "sub": "Vann og mineralvann", "parent": "Drikkevarer" },
    "price": { "price": 30.4, "unitPrice": 46.77, "unit": "l", "qty": 0.65 }
  },
  {
    "title": "Imsdal Bringebær",
    "subtitle": "0 kalorier, 0,65 l",
    "category": { "sub": "Vann og mineralvann", "parent": "Drikkevarer" },
    "price": { "price": 30.4, "unitPrice": 46.77, "unit": "l", "qty": 0.65 }
  },
  {
    "title": "Imsdal Fersken",
    "subtitle": "0 kalorier, 0,65 l",
    "category": { "sub": "Vann og mineralvann", "parent": "Drikkevarer" },
    "price": { "price": 23.9, "unitPrice": 36.77, "unit": "l", "qty": 0.65 }
  },
  {
    "title": "Smartwater Stillvann",
    "subtitle": "0,6 l",
    "category": { "sub": "Vann og mineralvann", "parent": "Drikkevarer" },
    "price": { "price": 22, "unitPrice": 36.67, "unit": "l", "qty": 0.6 }
  },
  {
    "title": "Bonaqua Mango & Tea",
    "subtitle": "0,7 l",
    "category": { "sub": "Vann og mineralvann", "parent": "Drikkevarer" },
    "price": { "price": 23.6, "unitPrice": 33.71, "unit": "l", "qty": 0.7 }
  },
  {
    "title": "Bonaqua Sport Sitron",
    "subtitle": "0,7 l",
    "category": { "sub": "Vann og mineralvann", "parent": "Drikkevarer" },
    "price": { "price": 23.6, "unitPrice": 33.71, "unit": "l", "qty": 0.7 }
  },
  {
    "title": "YT Sportsdrikk",
    "subtitle": "Appelsin, 0,5 l",
    "category": { "sub": "Vann og mineralvann", "parent": "Drikkevarer" },
    "price": { "price": 25.5, "unitPrice": 51, "unit": "l", "qty": 0.5 }
  },
  {
    "title": "Norsk Vann",
    "subtitle": "Produsert av Telemark Kildevann, 5 l",
    "category": { "sub": "Vann og mineralvann", "parent": "Drikkevarer" },
    "price": { "price": 27.6, "unitPrice": 5.52, "unit": "l", "qty": 5 }
  },
  {
    "title": "Prima Vann med Kullsyre Naturell",
    "subtitle": "1,5 l",
    "category": { "sub": "Vann og mineralvann", "parent": "Drikkevarer" },
    "price": { "price": 7, "unitPrice": 4.67, "unit": "l", "qty": 1.5 }
  },
  {
    "title": "Flower Power Kombucha",
    "subtitle": "Økologisk, 0,33 l",
    "category": { "sub": "Vann og mineralvann", "parent": "Drikkevarer" },
    "price": { "price": 49.9, "unitPrice": 151.21, "unit": "l", "qty": 0.33 }
  },
  {
    "title": "Grønn T Kombucha",
    "subtitle": "Økologisk, 0,33 l",
    "category": { "sub": "Vann og mineralvann", "parent": "Drikkevarer" },
    "price": { "price": 48.9, "unitPrice": 148.18, "unit": "l", "qty": 0.33 }
  },
  {
    "title": "Økologisk Ging Kong Ingerfærøl",
    "subtitle": "0,33 l",
    "category": { "sub": "Vann og mineralvann", "parent": "Drikkevarer" },
    "price": { "price": 47.9, "unitPrice": 145.15, "unit": "l", "qty": 0.33 }
  },
  {
    "title": "Økologisk Indian Tonic",
    "subtitle": "0,33 l",
    "category": { "sub": "Vann og mineralvann", "parent": "Drikkevarer" },
    "price": { "price": 47.9, "unitPrice": 145.15, "unit": "l", "qty": 0.33 }
  },
  {
    "title": "So Long Kombucha",
    "subtitle": "Økologisk, 0,33 l",
    "category": { "sub": "Vann og mineralvann", "parent": "Drikkevarer" },
    "price": { "price": 48.9, "unitPrice": 148.18, "unit": "l", "qty": 0.33 }
  },
  {
    "title": "Wannabe Kombucha",
    "subtitle": "Økologisk, 0,33 l",
    "category": { "sub": "Vann og mineralvann", "parent": "Drikkevarer" },
    "price": { "price": 48.9, "unitPrice": 148.18, "unit": "l", "qty": 0.33 }
  },
  {
    "title": "Pepsi Max",
    "subtitle": "4 x 1,5l, 6 l",
    "category": { "sub": "Brus", "parent": "Drikkevarer" },
    "price": { "price": 95.9, "unitPrice": 15.98, "unit": "l", "qty": 6 }
  },
  {
    "title": "Pepsi Max",
    "subtitle": "4 x 0,33l, 1,32 l",
    "category": { "sub": "Brus", "parent": "Drikkevarer" },
    "price": { "price": 49.9, "unitPrice": 37.8, "unit": "l", "qty": 1.32 }
  },
  {
    "title": "Coca-Cola Uten Sukker",
    "subtitle": "4 X 1,5l, 6 l",
    "category": { "sub": "Brus", "parent": "Drikkevarer" },
    "price": { "price": 95.9, "unitPrice": 15.98, "unit": "l", "qty": 6 }
  },
  {
    "title": "Coca-Cola",
    "subtitle": "4 x 1,5 l, 6 l",
    "category": { "sub": "Brus", "parent": "Drikkevarer" },
    "price": { "price": 97.9, "unitPrice": 16.32, "unit": "l", "qty": 6 }
  },
  {
    "title": "Coca-Cola Uten Sukker",
    "subtitle": "10 x 0,33l, 3,3 l",
    "category": { "sub": "Brus", "parent": "Drikkevarer" },
    "price": { "price": 93.9, "unitPrice": 28.45, "unit": "l", "qty": 3.3 }
  },
  {
    "title": "Coca-Cola",
    "subtitle": "10 x 0,33l, 3,3 l",
    "category": { "sub": "Brus", "parent": "Drikkevarer" },
    "price": { "price": 103.9, "unitPrice": 31.48, "unit": "l", "qty": 3.3 }
  },
  {
    "title": "Coca-Cola Uten Sukker",
    "subtitle": "4 x 0,33l, 1,32 l",
    "category": { "sub": "Brus", "parent": "Drikkevarer" },
    "price": { "price": 52.8, "unitPrice": 40, "unit": "l", "qty": 1.32 }
  },
  {
    "title": "Pepsi Max Lime",
    "subtitle": "4 x 0,33l, 1,32 l",
    "category": { "sub": "Brus", "parent": "Drikkevarer" },
    "price": { "price": 49.9, "unitPrice": 37.8, "unit": "l", "qty": 1.32 }
  },
  {
    "title": "Pepsi Max Lime",
    "subtitle": "1,5 l",
    "category": { "sub": "Brus", "parent": "Drikkevarer" },
    "price": { "price": 33.5, "unitPrice": 22.33, "unit": "l", "qty": 1.5 }
  },
  {
    "title": "Pepsi Max",
    "subtitle": "6 x 1,5l, 9 l",
    "category": { "sub": "Brus", "parent": "Drikkevarer" },
    "price": { "price": 129.9, "unitPrice": 14.43, "unit": "l", "qty": 9 }
  },
  {
    "title": "Pepsi Max",
    "subtitle": "1,5 l",
    "category": { "sub": "Brus", "parent": "Drikkevarer" },
    "price": { "price": 29, "unitPrice": 19.33, "unit": "l", "qty": 1.5 }
  },
  {
    "title": "Pepsi",
    "subtitle": "1,5 l",
    "category": { "sub": "Brus", "parent": "Drikkevarer" },
    "price": { "price": 33.7, "unitPrice": 22.47, "unit": "l", "qty": 1.5 }
  },
  {
    "title": "Pepsi Max",
    "subtitle": "4 x 0,5l, 2 l",
    "category": { "sub": "Brus", "parent": "Drikkevarer" },
    "price": { "price": 83.8, "unitPrice": 41.9, "unit": "l", "qty": 2 }
  },
  {
    "title": "Coca-Cola",
    "subtitle": "1,5 l",
    "category": { "sub": "Brus", "parent": "Drikkevarer" },
    "price": { "price": 29.9, "unitPrice": 19.93, "unit": "l", "qty": 1.5 }
  },
  {
    "title": "Coca-Cola Uten Sukker",
    "subtitle": "1,5 l",
    "category": { "sub": "Brus", "parent": "Drikkevarer" },
    "price": { "price": 31.8, "unitPrice": 21.2, "unit": "l", "qty": 1.5 }
  },
  {
    "title": "Coca-Cola Lemon",
    "subtitle": "0,5 l",
    "category": { "sub": "Brus", "parent": "Drikkevarer" },
    "price": { "price": 29.5, "unitPrice": 59, "unit": "l", "qty": 0.5 }
  },
  {
    "title": "Coca-Cola Uten Sukker",
    "subtitle": "Lemon, 0,5 l",
    "category": { "sub": "Brus", "parent": "Drikkevarer" },
    "price": { "price": 27.9, "unitPrice": 55.8, "unit": "l", "qty": 0.5 }
  },
  {
    "title": "Coca-Cola Regular",
    "subtitle": "4 x 0,33l, 1,32 l",
    "category": { "sub": "Brus", "parent": "Drikkevarer" },
    "price": { "price": 53.3, "unitPrice": 40.38, "unit": "l", "qty": 1.32 }
  },
  {
    "title": "Fanta Orange",
    "subtitle": "1,5 l",
    "category": { "sub": "Brus", "parent": "Drikkevarer" },
    "price": { "price": 33.9, "unitPrice": 22.6, "unit": "l", "qty": 1.5 }
  },
  {
    "title": "Solo",
    "subtitle": "1,5 l",
    "category": { "sub": "Brus", "parent": "Drikkevarer" },
    "price": { "price": 32.7, "unitPrice": 21.8, "unit": "l", "qty": 1.5 }
  },
  {
    "title": "Solo Super Rabarbra & Bringebær",
    "subtitle": "1,5 l",
    "category": { "sub": "Brus", "parent": "Drikkevarer" },
    "price": { "price": 31.5, "unitPrice": 21, "unit": "l", "qty": 1.5 }
  },
  {
    "title": "Solo Super",
    "subtitle": "1,5 l",
    "category": { "sub": "Brus", "parent": "Drikkevarer" },
    "price": { "price": 31.8, "unitPrice": 21.2, "unit": "l", "qty": 1.5 }
  },
  {
    "title": "Solo Super Boks",
    "subtitle": "4 x 0,33l, 1,32 l",
    "category": { "sub": "Brus", "parent": "Drikkevarer" },
    "price": { "price": 49.9, "unitPrice": 37.8, "unit": "l", "qty": 1.32 }
  },
  {
    "title": "Solo",
    "subtitle": "4 x 0,33l, 1,32 l",
    "category": { "sub": "Brus", "parent": "Drikkevarer" },
    "price": { "price": 49.9, "unitPrice": 37.8, "unit": "l", "qty": 1.32 }
  },
  {
    "title": "Urge",
    "subtitle": "10 x 0,33l, 3,3 l",
    "category": { "sub": "Brus", "parent": "Drikkevarer" },
    "price": { "price": 117.6, "unitPrice": 35.64, "unit": "l", "qty": 3.3 }
  },
  {
    "title": "Urge Boks",
    "subtitle": "4 x 0,33l, 1,32 l",
    "category": { "sub": "Brus", "parent": "Drikkevarer" },
    "price": { "price": 52.7, "unitPrice": 39.92, "unit": "l", "qty": 1.32 }
  },
  {
    "title": "Urge",
    "subtitle": "1,5 l",
    "category": { "sub": "Brus", "parent": "Drikkevarer" },
    "price": { "price": 32.8, "unitPrice": 21.87, "unit": "l", "qty": 1.5 }
  },
  {
    "title": "7UP Free",
    "subtitle": "4 x 0,33l, 1,32 l",
    "category": { "sub": "Brus", "parent": "Drikkevarer" },
    "price": { "price": 49.9, "unitPrice": 37.8, "unit": "l", "qty": 1.32 }
  },
  {
    "title": "Tøyen-Cola",
    "subtitle": "0,33 l",
    "category": { "sub": "Brus", "parent": "Drikkevarer" },
    "price": { "price": 30, "unitPrice": 90.91, "unit": "l", "qty": 0.33 }
  },
  {
    "title": "Coca-Cola Light",
    "subtitle": "1,5 l",
    "category": { "sub": "Brus", "parent": "Drikkevarer" },
    "price": { "price": 30.6, "unitPrice": 20.4, "unit": "l", "qty": 1.5 }
  },
  {
    "title": "Fanta Exotic",
    "subtitle": "1,5 l",
    "category": { "sub": "Brus", "parent": "Drikkevarer" },
    "price": { "price": 32.8, "unitPrice": 21.87, "unit": "l", "qty": 1.5 }
  },
  {
    "title": "Solo",
    "subtitle": "Glassflaske, 0,3 l",
    "category": { "sub": "Brus", "parent": "Drikkevarer" },
    "price": { "price": 27.3, "unitPrice": 91, "unit": "l", "qty": 0.3 }
  },
  {
    "title": "Coca-Cola",
    "subtitle": "Glassflaske, 0,33 l",
    "category": { "sub": "Brus", "parent": "Drikkevarer" },
    "price": { "price": 22.1, "unitPrice": 66.97, "unit": "l", "qty": 0.33 }
  },
  {
    "title": "Coca-Cola Uten Sukker",
    "subtitle": "Glassflaske, 0,33 l",
    "category": { "sub": "Brus", "parent": "Drikkevarer" },
    "price": { "price": 20.7, "unitPrice": 62.73, "unit": "l", "qty": 0.33 }
  },
  {
    "title": "Singo",
    "subtitle": "1,5 l",
    "category": { "sub": "Brus", "parent": "Drikkevarer" },
    "price": { "price": 24.3, "unitPrice": 16.2, "unit": "l", "qty": 1.5 }
  },
  {
    "title": "Sprite",
    "subtitle": "1,5 l",
    "category": { "sub": "Brus", "parent": "Drikkevarer" },
    "price": { "price": 32, "unitPrice": 21.33, "unit": "l", "qty": 1.5 }
  },
  {
    "title": "7UP",
    "subtitle": "1,5 l",
    "category": { "sub": "Brus", "parent": "Drikkevarer" },
    "price": { "price": 38.6, "unitPrice": 25.73, "unit": "l", "qty": 1.5 }
  },
  {
    "title": "7UP Free",
    "subtitle": "1,5 l",
    "category": { "sub": "Brus", "parent": "Drikkevarer" },
    "price": { "price": 33, "unitPrice": 22, "unit": "l", "qty": 1.5 }
  },
  {
    "title": "Mozell Light",
    "subtitle": "Pære & Rips, 1,5 l",
    "category": { "sub": "Brus", "parent": "Drikkevarer" },
    "price": { "price": 34.5, "unitPrice": 23, "unit": "l", "qty": 1.5 }
  },
  {
    "title": "Mozell Eple & Drue",
    "subtitle": "1,5 l",
    "category": { "sub": "Brus", "parent": "Drikkevarer" },
    "price": { "price": 34.5, "unitPrice": 23, "unit": "l", "qty": 1.5 }
  },
  {
    "title": "Mozell Light",
    "subtitle": "Eple & Drue, 1,5 l",
    "category": { "sub": "Brus", "parent": "Drikkevarer" },
    "price": { "price": 33.5, "unitPrice": 22.33, "unit": "l", "qty": 1.5 }
  },
  {
    "title": "Villa",
    "subtitle": "1,5 l",
    "category": { "sub": "Brus", "parent": "Drikkevarer" },
    "price": { "price": 34.5, "unitPrice": 23, "unit": "l", "qty": 1.5 }
  },
  {
    "title": "Ingefærøl",
    "subtitle": "1,5 l",
    "category": { "sub": "Brus", "parent": "Drikkevarer" },
    "price": { "price": 33.5, "unitPrice": 22.33, "unit": "l", "qty": 1.5 }
  },
  {
    "title": "Borg Ingefærøl",
    "subtitle": "1,5 l",
    "category": { "sub": "Brus", "parent": "Drikkevarer" },
    "price": { "price": 46.6, "unitPrice": 31.07, "unit": "l", "qty": 1.5 }
  },
  {
    "title": "Champ",
    "subtitle": "1,5 l",
    "category": { "sub": "Brus", "parent": "Drikkevarer" },
    "price": { "price": 24.6, "unitPrice": 16.4, "unit": "l", "qty": 1.5 }
  },
  {
    "title": "Cider Eple & Drue",
    "subtitle": "1,5 l",
    "category": { "sub": "Brus", "parent": "Drikkevarer" },
    "price": { "price": 26.7, "unitPrice": 17.8, "unit": "l", "qty": 1.5 }
  },
  {
    "title": "Cola X",
    "subtitle": "Uten Tilsatt Sukker, 1,5 l",
    "category": { "sub": "Brus", "parent": "Drikkevarer" },
    "price": { "price": 22.8, "unitPrice": 15.2, "unit": "l", "qty": 1.5 }
  },
  {
    "title": "Cola Classic",
    "subtitle": "1,5 l",
    "category": { "sub": "Brus", "parent": "Drikkevarer" },
    "price": { "price": 24.6, "unitPrice": 16.4, "unit": "l", "qty": 1.5 }
  },
  {
    "title": "Siesta",
    "subtitle": "1,5 l",
    "category": { "sub": "Brus", "parent": "Drikkevarer" },
    "price": { "price": 25.3, "unitPrice": 16.87, "unit": "l", "qty": 1.5 }
  },
  {
    "title": "Siesta X",
    "subtitle": "Uten Tilsatt Sukker, 1,5 l",
    "category": { "sub": "Brus", "parent": "Drikkevarer" },
    "price": { "price": 24.3, "unitPrice": 16.2, "unit": "l", "qty": 1.5 }
  },
  {
    "title": "Tonic",
    "subtitle": "1 l",
    "category": { "sub": "Brus", "parent": "Drikkevarer" },
    "price": { "price": 34.9, "unitPrice": 34.9, "unit": "l", "qty": 1 }
  },
  {
    "title": "Lemon",
    "subtitle": "1 l",
    "category": { "sub": "Brus", "parent": "Drikkevarer" },
    "price": { "price": 34.9, "unitPrice": 34.9, "unit": "l", "qty": 1 }
  },
  {
    "title": "Coca-Cola Uten Sukker",
    "subtitle": "0,5 l",
    "category": { "sub": "Brus", "parent": "Drikkevarer" },
    "price": { "price": 21.6, "unitPrice": 43.2, "unit": "l", "qty": 0.5 }
  },
  {
    "title": "Coca-Cola",
    "subtitle": "0,5 l",
    "category": { "sub": "Brus", "parent": "Drikkevarer" },
    "price": { "price": 22.6, "unitPrice": 45.2, "unit": "l", "qty": 0.5 }
  },
  {
    "title": "Coca-Cola Light",
    "subtitle": "0,5 l",
    "category": { "sub": "Brus", "parent": "Drikkevarer" },
    "price": { "price": 21, "unitPrice": 42, "unit": "l", "qty": 0.5 }
  },
  {
    "title": "Pepsi Max Lime",
    "subtitle": "0,5 l",
    "category": { "sub": "Brus", "parent": "Drikkevarer" },
    "price": { "price": 23.8, "unitPrice": 47.6, "unit": "l", "qty": 0.5 }
  },
  {
    "title": "Pepsi",
    "subtitle": "0,5 l",
    "category": { "sub": "Brus", "parent": "Drikkevarer" },
    "price": { "price": 24.9, "unitPrice": 49.8, "unit": "l", "qty": 0.5 }
  },
  {
    "title": "Solo",
    "subtitle": "0,5 l",
    "category": { "sub": "Brus", "parent": "Drikkevarer" },
    "price": { "price": 24, "unitPrice": 48, "unit": "l", "qty": 0.5 }
  },
  {
    "title": "Solo Super",
    "subtitle": "0,5 l",
    "category": { "sub": "Brus", "parent": "Drikkevarer" },
    "price": { "price": 23.8, "unitPrice": 47.6, "unit": "l", "qty": 0.5 }
  },
  {
    "title": "Solo Super Rabarbra & Bringebær",
    "subtitle": "0,5 l",
    "category": { "sub": "Brus", "parent": "Drikkevarer" },
    "price": { "price": 22.4, "unitPrice": 44.8, "unit": "l", "qty": 0.5 }
  },
  {
    "title": "Fanta Orange",
    "subtitle": "0,5 l",
    "category": { "sub": "Brus", "parent": "Drikkevarer" },
    "price": { "price": 22.8, "unitPrice": 45.6, "unit": "l", "qty": 0.5 }
  },
  {
    "title": "Fanta Orange Uten Sukker",
    "subtitle": "0,5 l",
    "category": { "sub": "Brus", "parent": "Drikkevarer" },
    "price": { "price": 29.8, "unitPrice": 59.6, "unit": "l", "qty": 0.5 }
  },
  {
    "title": "Urge",
    "subtitle": "0,5 l",
    "category": { "sub": "Brus", "parent": "Drikkevarer" },
    "price": { "price": 22.8, "unitPrice": 45.6, "unit": "l", "qty": 0.5 }
  },
  {
    "title": "Fanta Exotic",
    "subtitle": "0,5 l",
    "category": { "sub": "Brus", "parent": "Drikkevarer" },
    "price": { "price": 22.8, "unitPrice": 45.6, "unit": "l", "qty": 0.5 }
  },
  {
    "title": "Sprite",
    "subtitle": "0,5 l",
    "category": { "sub": "Brus", "parent": "Drikkevarer" },
    "price": { "price": 22, "unitPrice": 44, "unit": "l", "qty": 0.5 }
  },
  {
    "title": "Sprite Zero",
    "subtitle": "0,5 l",
    "category": { "sub": "Brus", "parent": "Drikkevarer" },
    "price": { "price": 21.8, "unitPrice": 43.6, "unit": "l", "qty": 0.5 }
  },
  {
    "title": "Mozell Eple & Drue",
    "subtitle": "0,5 l",
    "category": { "sub": "Brus", "parent": "Drikkevarer" },
    "price": { "price": 24.9, "unitPrice": 49.8, "unit": "l", "qty": 0.5 }
  },
  {
    "title": "Villa",
    "subtitle": "0,5 l",
    "category": { "sub": "Brus", "parent": "Drikkevarer" },
    "price": { "price": 24.9, "unitPrice": 49.8, "unit": "l", "qty": 0.5 }
  },
  {
    "title": "Villa Lett",
    "subtitle": "1,5 l",
    "category": { "sub": "Brus", "parent": "Drikkevarer" },
    "price": { "price": 33.5, "unitPrice": 22.33, "unit": "l", "qty": 1.5 }
  },
  {
    "title": "Villa Lett",
    "subtitle": "0,5 l",
    "category": { "sub": "Brus", "parent": "Drikkevarer" },
    "price": { "price": 24.4, "unitPrice": 48.8, "unit": "l", "qty": 0.5 }
  },
  {
    "title": "Eventyrbrus",
    "subtitle": "0,5 l",
    "category": { "sub": "Brus", "parent": "Drikkevarer" },
    "price": { "price": 28.5, "unitPrice": 57, "unit": "l", "qty": 0.5 }
  },
  {
    "title": "Ingefærøl",
    "subtitle": "0,5 l",
    "category": { "sub": "Brus", "parent": "Drikkevarer" },
    "price": { "price": 24.8, "unitPrice": 49.6, "unit": "l", "qty": 0.5 }
  },
  {
    "title": "Appelsinjuice 100%",
    "subtitle": "1 l",
    "category": { "sub": "Juice", "parent": "Drikkevarer" },
    "price": { "price": 66.7, "unitPrice": 66.7, "unit": "l", "qty": 1 }
  },
  {
    "title": "Eplejuice 100%",
    "subtitle": "1 l",
    "category": { "sub": "Juice", "parent": "Drikkevarer" },
    "price": { "price": 66.7, "unitPrice": 66.7, "unit": "l", "qty": 1 }
  },
  {
    "title": "Rå Pressede Appelsiner",
    "subtitle": "1 l",
    "category": { "sub": "Juice", "parent": "Drikkevarer" },
    "price": { "price": 46.8, "unitPrice": 46.8, "unit": "l", "qty": 1 }
  },
  {
    "title": "Rå Kaldpresset Eplejuice",
    "subtitle": "1 l",
    "category": { "sub": "Juice", "parent": "Drikkevarer" },
    "price": { "price": 46.8, "unitPrice": 46.8, "unit": "l", "qty": 1 }
  },
  {
    "title": "Kaldpresset Eplejuice",
    "subtitle": "Bag in Box, 3 l",
    "category": { "sub": "Juice", "parent": "Drikkevarer" },
    "price": { "price": 89, "unitPrice": 29.67, "unit": "l", "qty": 3 }
  },
  {
    "title": "Orango",
    "subtitle": "100% Appelsin, 250 ml",
    "category": { "sub": "Juice", "parent": "Drikkevarer" },
    "price": { "price": 32.2, "unitPrice": 128.8, "unit": "l", "qty": 0.25 }
  },
  {
    "title": "Appelsinjuice Med Fruktkjøtt Original",
    "subtitle": "1,5 l",
    "category": { "sub": "Juice", "parent": "Drikkevarer" },
    "price": { "price": 54.7, "unitPrice": 36.47, "unit": "l", "qty": 1.5 }
  },
  {
    "title": "Smooth Style Appelsinjuice",
    "subtitle": "1,5 l",
    "category": { "sub": "Juice", "parent": "Drikkevarer" },
    "price": { "price": 55.4, "unitPrice": 36.93, "unit": "l", "qty": 1.5 }
  },
  {
    "title": "Eplemost Discovery/Aroma",
    "subtitle": "0,75 l",
    "category": { "sub": "Juice", "parent": "Drikkevarer" },
    "price": { "price": 69.2, "unitPrice": 92.27, "unit": "l", "qty": 0.75 }
  },
  {
    "title": "Eplegløgg",
    "subtitle": "0,75 l",
    "category": { "sub": "Juice", "parent": "Drikkevarer" },
    "price": { "price": 99, "unitPrice": 132, "unit": "l", "qty": 0.75 }
  },
  {
    "title": "Flu Shot",
    "subtitle": "Appelsin, Gurkemeie, Ingefær, Cayenne & Sitron, 80 ml",
    "category": { "sub": "Juice", "parent": "Drikkevarer" },
    "price": { "price": 24.2, "unitPrice": 302.5, "unit": "l", "qty": 0.08 }
  },
  {
    "title": "Ginger Shot",
    "subtitle": "Ingefær, Eple & Sitron, 80 ml",
    "category": { "sub": "Juice", "parent": "Drikkevarer" },
    "price": { "price": 24.2, "unitPrice": 302.5, "unit": "l", "qty": 0.08 }
  },
  {
    "title": "Appelsinjuice Rød Appelsin",
    "subtitle": "Økologisk, 1 l",
    "category": { "sub": "Juice", "parent": "Drikkevarer" },
    "price": { "price": 29, "unitPrice": 29, "unit": "l", "qty": 1 }
  },
  {
    "title": "Eple og Ingefærjuice",
    "subtitle": "1 l",
    "category": { "sub": "Juice", "parent": "Drikkevarer" },
    "price": { "price": 32, "unitPrice": 32, "unit": "l", "qty": 1 }
  },
  {
    "title": "Eplejuice Cloudy",
    "subtitle": "1 l",
    "category": { "sub": "Juice", "parent": "Drikkevarer" },
    "price": { "price": 21.8, "unitPrice": 21.8, "unit": "l", "qty": 1 }
  },
  {
    "title": "Sunniva Presset Eple & Bringebær",
    "subtitle": "1 l",
    "category": { "sub": "Juice", "parent": "Drikkevarer" },
    "price": { "price": 38.8, "unitPrice": 38.8, "unit": "l", "qty": 1 }
  },
  {
    "title": "Juice Med Granateple & Drue",
    "subtitle": "1 l",
    "category": { "sub": "Juice", "parent": "Drikkevarer" },
    "price": { "price": 24.1, "unitPrice": 24.1, "unit": "l", "qty": 1 }
  },
  {
    "title": "Juice Drue, Eple & Blåbær",
    "subtitle": "fra konsentrat, 1 l",
    "category": { "sub": "Juice", "parent": "Drikkevarer" },
    "price": { "price": 29.8, "unitPrice": 29.8, "unit": "l", "qty": 1 }
  },
  {
    "title": "Appelsinjuice Med Fruktkjøtt Premium",
    "subtitle": "1,5 l",
    "category": { "sub": "Juice", "parent": "Drikkevarer" },
    "price": { "price": 41.8, "unitPrice": 27.87, "unit": "l", "qty": 1.5 }
  },
  {
    "title": "Appelsinjuice",
    "subtitle": "1,5 l",
    "category": { "sub": "Juice", "parent": "Drikkevarer" },
    "price": { "price": 24.9, "unitPrice": 16.6, "unit": "l", "qty": 1.5 }
  },
  {
    "title": "Eplejuice",
    "subtitle": "1,5 l",
    "category": { "sub": "Juice", "parent": "Drikkevarer" },
    "price": { "price": 23.8, "unitPrice": 15.87, "unit": "l", "qty": 1.5 }
  },
  {
    "title": "Frokostjuice",
    "subtitle": "1,5 l",
    "category": { "sub": "Juice", "parent": "Drikkevarer" },
    "price": { "price": 22.8, "unitPrice": 15.2, "unit": "l", "qty": 1.5 }
  },
  {
    "title": "Tropisk Juice",
    "subtitle": "1,5 l",
    "category": { "sub": "Juice", "parent": "Drikkevarer" },
    "price": { "price": 24.9, "unitPrice": 16.6, "unit": "l", "qty": 1.5 }
  },
  {
    "title": "Original Eplejuice",
    "subtitle": "1,75 l",
    "category": { "sub": "Juice", "parent": "Drikkevarer" },
    "price": { "price": 37.1, "unitPrice": 21.2, "unit": "l", "qty": 1.75 }
  },
  {
    "title": "Orginal Eplejuice",
    "subtitle": "1 l",
    "category": { "sub": "Juice", "parent": "Drikkevarer" },
    "price": { "price": 22.8, "unitPrice": 22.8, "unit": "l", "qty": 1 }
  },
  {
    "title": "Sunniva Original Eplejuice",
    "subtitle": "250 ml",
    "category": { "sub": "Juice", "parent": "Drikkevarer" },
    "price": { "price": 19.1, "unitPrice": 76.4, "unit": "l", "qty": 0.25 }
  },
  {
    "title": "Original Appelsinjuice",
    "subtitle": "1,75 l",
    "category": { "sub": "Juice", "parent": "Drikkevarer" },
    "price": { "price": 41, "unitPrice": 23.43, "unit": "l", "qty": 1.75 }
  },
  {
    "title": "Original Appelsinjuice",
    "subtitle": "1 l",
    "category": { "sub": "Juice", "parent": "Drikkevarer" },
    "price": { "price": 22.8, "unitPrice": 22.8, "unit": "l", "qty": 1 }
  },
  {
    "title": "Original Appelsinjuice",
    "subtitle": "Med Fruktkjøtt, 1,75 l",
    "category": { "sub": "Juice", "parent": "Drikkevarer" },
    "price": { "price": 41.9, "unitPrice": 23.94, "unit": "l", "qty": 1.75 }
  },
  {
    "title": "Sunniva Original Appelsinjuice",
    "subtitle": "Med Fruktkjøtt, 1 l",
    "category": { "sub": "Juice", "parent": "Drikkevarer" },
    "price": { "price": 22.8, "unitPrice": 22.8, "unit": "l", "qty": 1 }
  },
  {
    "title": "Premium Appelsinjuice",
    "subtitle": "Med fruktkjøtt, 1 l",
    "category": { "sub": "Juice", "parent": "Drikkevarer" },
    "price": { "price": 25.8, "unitPrice": 25.8, "unit": "l", "qty": 1 }
  },
  {
    "title": "Sunniva Original Appelsinjuice",
    "subtitle": "250 ml",
    "category": { "sub": "Juice", "parent": "Drikkevarer" },
    "price": { "price": 20.1, "unitPrice": 80.4, "unit": "l", "qty": 0.25 }
  },
  {
    "title": "Sunniva Original Tropisk",
    "subtitle": "1,75 l",
    "category": { "sub": "Juice", "parent": "Drikkevarer" },
    "price": { "price": 45.9, "unitPrice": 26.23, "unit": "l", "qty": 1.75 }
  },
  {
    "title": "Eplejuice Premium",
    "subtitle": "Sydtyrol-epler, 1 l",
    "category": { "sub": "Juice", "parent": "Drikkevarer" },
    "price": { "price": 32.4, "unitPrice": 32.4, "unit": "l", "qty": 1 }
  },
  {
    "title": "Presset Grapefrukt & Appelsinjuice Premium",
    "subtitle": "1 l",
    "category": { "sub": "Juice", "parent": "Drikkevarer" },
    "price": { "price": 38.8, "unitPrice": 38.8, "unit": "l", "qty": 1 }
  },
  {
    "title": "Premium Mango Eple Juice",
    "subtitle": "1 l",
    "category": { "sub": "Juice", "parent": "Drikkevarer" },
    "price": { "price": 32.8, "unitPrice": 32.8, "unit": "l", "qty": 1 }
  },
  {
    "title": "Supri med Eple, Gulrot, Bringebær & Sitron",
    "subtitle": "32% Grønnsaker, 1 l",
    "category": { "sub": "Juice", "parent": "Drikkevarer" },
    "price": { "price": 36.8, "unitPrice": 36.8, "unit": "l", "qty": 1 }
  },
  {
    "title": "Eplejuice",
    "subtitle": "1,5 l",
    "category": { "sub": "Juice", "parent": "Drikkevarer" },
    "price": { "price": 42.7, "unitPrice": 28.47, "unit": "l", "qty": 1.5 }
  },
  {
    "title": "Light Eplenektar",
    "subtitle": "1,5 l",
    "category": { "sub": "Juice", "parent": "Drikkevarer" },
    "price": { "price": 37, "unitPrice": 24.67, "unit": "l", "qty": 1.5 }
  },
  {
    "title": "Ananasjuice",
    "subtitle": "Økologisk, 0,75 l",
    "category": { "sub": "Juice", "parent": "Drikkevarer" },
    "price": { "price": 84, "unitPrice": 112, "unit": "l", "qty": 0.75 }
  },
  {
    "title": "Rødbetejuice",
    "subtitle": "0,75 l",
    "category": { "sub": "Juice", "parent": "Drikkevarer" },
    "price": { "price": 50.2, "unitPrice": 66.93, "unit": "l", "qty": 0.75 }
  },
  {
    "title": "Helios Gulrotjuice m+",
    "subtitle": "0,75 l",
    "category": { "sub": "Juice", "parent": "Drikkevarer" },
    "price": { "price": 54.6, "unitPrice": 72.8, "unit": "l", "qty": 0.75 }
  },
  {
    "title": "Grapefruktjuice",
    "subtitle": "Økologisk, 0,75 l",
    "category": { "sub": "Juice", "parent": "Drikkevarer" },
    "price": { "price": 77.8, "unitPrice": 103.73, "unit": "l", "qty": 0.75 }
  },
  {
    "title": "Grønnsaksjuice M+",
    "subtitle": "Økologisk, 0,75 l",
    "category": { "sub": "Juice", "parent": "Drikkevarer" },
    "price": { "price": 64.9, "unitPrice": 86.53, "unit": "l", "qty": 0.75 }
  },
  {
    "title": "Økologisk Eplemost",
    "subtitle": "0,25 l",
    "category": { "sub": "Juice", "parent": "Drikkevarer" },
    "price": { "price": 39.9, "unitPrice": 159.6, "unit": "l", "qty": 0.25 }
  },
  {
    "title": "Økologisk Eplemost",
    "subtitle": "3 l",
    "category": { "sub": "Juice", "parent": "Drikkevarer" },
    "price": { "price": 179, "unitPrice": 59.67, "unit": "l", "qty": 3 }
  },
  {
    "title": "Montauk Cranberry",
    "subtitle": "Tranebærjuice, 1 l",
    "category": { "sub": "Juice", "parent": "Drikkevarer" },
    "price": { "price": 46.9, "unitPrice": 46.9, "unit": "l", "qty": 1 }
  },
  {
    "title": "Tranebærjuice Light",
    "subtitle": "1 l",
    "category": { "sub": "Juice", "parent": "Drikkevarer" },
    "price": { "price": 56.5, "unitPrice": 56.5, "unit": "l", "qty": 1 }
  },
  {
    "title": "Tranebærjuice",
    "subtitle": "1 l",
    "category": { "sub": "Juice", "parent": "Drikkevarer" },
    "price": { "price": 56.5, "unitPrice": 56.5, "unit": "l", "qty": 1 }
  },
  {
    "title": "Eplejuice Prima",
    "subtitle": "1 l",
    "category": { "sub": "Juice", "parent": "Drikkevarer" },
    "price": { "price": 12.9, "unitPrice": 12.9, "unit": "l", "qty": 1 }
  },
  {
    "title": "Appelsinjuice",
    "subtitle": "1 l",
    "category": { "sub": "Juice", "parent": "Drikkevarer" },
    "price": { "price": 11, "unitPrice": 11, "unit": "l", "qty": 1 }
  },
  {
    "title": "Granateplejuice 100%",
    "subtitle": "1 l",
    "category": { "sub": "Juice", "parent": "Drikkevarer" },
    "price": { "price": 43.3, "unitPrice": 43.3, "unit": "l", "qty": 1 }
  },
  {
    "title": "Økologisk Eplemost",
    "subtitle": "Av Discovery epler, 250 ml",
    "category": { "sub": "Juice", "parent": "Drikkevarer" },
    "price": { "price": 34.9, "unitPrice": 139.6, "unit": "l", "qty": 0.25 }
  },
  {
    "title": "Krydret Tomatjuice",
    "subtitle": "0,75 l",
    "category": { "sub": "Juice", "parent": "Drikkevarer" },
    "price": { "price": 74.9, "unitPrice": 99.87, "unit": "l", "qty": 0.75 }
  },
  {
    "title": "Smoothie Jordbær, Banan & Guava",
    "subtitle": "6 x 150ml, 900 ml",
    "category": { "sub": "Smoothie", "parent": "Drikkevarer" },
    "price": { "price": 76.4, "unitPrice": 84.89, "unit": "l", "qty": 0.9 }
  },
  {
    "title": "Smoothie Mango & Appelsin",
    "subtitle": "6 x 150ml, 900 ml",
    "category": { "sub": "Smoothie", "parent": "Drikkevarer" },
    "price": { "price": 76.4, "unitPrice": 84.89, "unit": "l", "qty": 0.9 }
  },
  {
    "title": "Smoothie Fersken & Pasjonsfrukt",
    "subtitle": "6 x 150ml, 900 ml",
    "category": { "sub": "Smoothie", "parent": "Drikkevarer" },
    "price": { "price": 77.9, "unitPrice": 86.56, "unit": "l", "qty": 0.9 }
  },
  {
    "title": "Smoothie Mango & Appelsin",
    "subtitle": "750 ml",
    "category": { "sub": "Smoothie", "parent": "Drikkevarer" },
    "price": { "price": 46.8, "unitPrice": 62.4, "unit": "l", "qty": 0.75 }
  },
  {
    "title": "Smoothie Blåbær & Bringebær",
    "subtitle": "750 ml",
    "category": { "sub": "Smoothie", "parent": "Drikkevarer" },
    "price": { "price": 46.8, "unitPrice": 62.4, "unit": "l", "qty": 0.75 }
  },
  {
    "title": "Smoothie Jordbær, Banan & Guava",
    "subtitle": "750 ml",
    "category": { "sub": "Smoothie", "parent": "Drikkevarer" },
    "price": { "price": 47.4, "unitPrice": 63.2, "unit": "l", "qty": 0.75 }
  },
  {
    "title": "Smoothie Ananas, Banan & Kokos",
    "subtitle": "750 ml",
    "category": { "sub": "Smoothie", "parent": "Drikkevarer" },
    "price": { "price": 46.8, "unitPrice": 62.4, "unit": "l", "qty": 0.75 }
  },
  {
    "title": "Smoothie Fersken & pasjonsfrukt",
    "subtitle": "750 ml",
    "category": { "sub": "Smoothie", "parent": "Drikkevarer" },
    "price": { "price": 47.4, "unitPrice": 63.2, "unit": "l", "qty": 0.75 }
  },
  {
    "title": "Smoothie Ananas, Banan & Kokos",
    "subtitle": "250 ml",
    "category": { "sub": "Smoothie", "parent": "Drikkevarer" },
    "price": { "price": 24.2, "unitPrice": 96.8, "unit": "l", "qty": 0.25 }
  },
  {
    "title": "Smoothie Gulrot & Ingefær",
    "subtitle": "250 ml",
    "category": { "sub": "Smoothie", "parent": "Drikkevarer" },
    "price": { "price": 24.2, "unitPrice": 96.8, "unit": "l", "qty": 0.25 }
  },
  {
    "title": "Smoothie Blåbær & Bringebær",
    "subtitle": "250 ml",
    "category": { "sub": "Smoothie", "parent": "Drikkevarer" },
    "price": { "price": 24.2, "unitPrice": 96.8, "unit": "l", "qty": 0.25 }
  },
  {
    "title": "Smoothie Jordbær, Banan & Guava",
    "subtitle": "250 ml",
    "category": { "sub": "Smoothie", "parent": "Drikkevarer" },
    "price": { "price": 24.2, "unitPrice": 96.8, "unit": "l", "qty": 0.25 }
  },
  {
    "title": "Smoothie Mango & Appelsin",
    "subtitle": "250 ml",
    "category": { "sub": "Smoothie", "parent": "Drikkevarer" },
    "price": { "price": 24.2, "unitPrice": 96.8, "unit": "l", "qty": 0.25 }
  },
  {
    "title": "Rå Orange Smoothie",
    "subtitle": "200 ml",
    "category": { "sub": "Smoothie", "parent": "Drikkevarer" },
    "price": { "price": 25.1, "unitPrice": 125.5, "unit": "l", "qty": 0.2 }
  },
  {
    "title": "Smoothie",
    "subtitle": "Jordbær, Eple og Banan, 250 ml",
    "category": { "sub": "Smoothie", "parent": "Drikkevarer" },
    "price": { "price": 33.1, "unitPrice": 132.4, "unit": "l", "qty": 0.25 }
  },
  {
    "title": "Smoothie",
    "subtitle": "Red Mango, 250 ml",
    "category": { "sub": "Smoothie", "parent": "Drikkevarer" },
    "price": { "price": 44.2, "unitPrice": 176.8, "unit": "l", "qty": 0.25 }
  },
  {
    "title": "Smoothie",
    "subtitle": "Mango, 250 ml",
    "category": { "sub": "Smoothie", "parent": "Drikkevarer" },
    "price": { "price": 44.2, "unitPrice": 176.8, "unit": "l", "qty": 0.25 }
  },
  {
    "title": "Lemon Lime",
    "subtitle": "0,8 l",
    "category": { "sub": "Saft", "parent": "Drikkevarer" },
    "price": { "price": 36, "unitPrice": 45, "unit": "l", "qty": 0.8 }
  },
  {
    "title": "Rhubarb Passion",
    "subtitle": "0,8 l",
    "category": { "sub": "Saft", "parent": "Drikkevarer" },
    "price": { "price": 43.8, "unitPrice": 54.75, "unit": "l", "qty": 0.8 }
  },
  {
    "title": "Cloudy Apple",
    "subtitle": "0,8 l",
    "category": { "sub": "Saft", "parent": "Drikkevarer" },
    "price": { "price": 40.2, "unitPrice": 50.25, "unit": "l", "qty": 0.8 }
  },
  {
    "title": "Fun Light Mandarin Madness",
    "subtitle": "0,8 l",
    "category": { "sub": "Saft", "parent": "Drikkevarer" },
    "price": { "price": 39.3, "unitPrice": 49.13, "unit": "l", "qty": 0.8 }
  },
  {
    "title": "Fun Light Bringebær",
    "subtitle": "0,8 l",
    "category": { "sub": "Saft", "parent": "Drikkevarer" },
    "price": { "price": 35.9, "unitPrice": 44.88, "unit": "l", "qty": 0.8 }
  },
  {
    "title": "Fun Light Fruktfest",
    "subtitle": "0,8 l",
    "category": { "sub": "Saft", "parent": "Drikkevarer" },
    "price": { "price": 37.7, "unitPrice": 47.13, "unit": "l", "qty": 0.8 }
  },
  {
    "title": "Villbringebær",
    "subtitle": "0,8 l",
    "category": { "sub": "Saft", "parent": "Drikkevarer" },
    "price": { "price": 36, "unitPrice": 45, "unit": "l", "qty": 0.8 }
  },
  {
    "title": "Sitron & Lime",
    "subtitle": "0,8 l",
    "category": { "sub": "Saft", "parent": "Drikkevarer" },
    "price": { "price": 36.1, "unitPrice": 45.13, "unit": "l", "qty": 0.8 }
  },
  {
    "title": "Orange & Golden Berry",
    "subtitle": "0,8 l",
    "category": { "sub": "Saft", "parent": "Drikkevarer" },
    "price": { "price": 37.4, "unitPrice": 46.75, "unit": "l", "qty": 0.8 }
  },
  {
    "title": "Green Apple & Passionfruit",
    "subtitle": "0,8 l",
    "category": { "sub": "Saft", "parent": "Drikkevarer" },
    "price": { "price": 39.3, "unitPrice": 49.13, "unit": "l", "qty": 0.8 }
  },
  {
    "title": "Pineapple",
    "subtitle": "0,8 l",
    "category": { "sub": "Saft", "parent": "Drikkevarer" },
    "price": { "price": 39.9, "unitPrice": 49.88, "unit": "l", "qty": 0.8 }
  },
  {
    "title": "Fun Light Ice Tea Peach",
    "subtitle": "0,8 l",
    "category": { "sub": "Saft", "parent": "Drikkevarer" },
    "price": { "price": 39.3, "unitPrice": 49.13, "unit": "l", "qty": 0.8 }
  },
  {
    "title": "Fun Light Strawberry Passion",
    "subtitle": "0,8 l",
    "category": { "sub": "Saft", "parent": "Drikkevarer" },
    "price": { "price": 40.6, "unitPrice": 50.75, "unit": "l", "qty": 0.8 }
  },
  {
    "title": "Fun Light Appelsin",
    "subtitle": "0,8 l",
    "category": { "sub": "Saft", "parent": "Drikkevarer" },
    "price": { "price": 32.9, "unitPrice": 41.13, "unit": "l", "qty": 0.8 }
  },
  {
    "title": "Appelsinsaft",
    "subtitle": "Uten Tilsatt Sukker, 0,9 l",
    "category": { "sub": "Saft", "parent": "Drikkevarer" },
    "price": { "price": 47.1, "unitPrice": 52.33, "unit": "l", "qty": 0.9 }
  },
  {
    "title": "Lerum Appelsinsaft",
    "subtitle": "1,35 l",
    "category": { "sub": "Saft", "parent": "Drikkevarer" },
    "price": { "price": 59.5, "unitPrice": 44.07, "unit": "l", "qty": 1.35 }
  },
  {
    "title": "Husholdningssaft",
    "subtitle": "Uten tilsatt sukker, 0,9 l",
    "category": { "sub": "Saft", "parent": "Drikkevarer" },
    "price": { "price": 41.8, "unitPrice": 46.44, "unit": "l", "qty": 0.9 }
  },
  {
    "title": "Husholdningssaft",
    "subtitle": "1,35 l",
    "category": { "sub": "Saft", "parent": "Drikkevarer" },
    "price": { "price": 55.2, "unitPrice": 40.89, "unit": "l", "qty": 1.35 }
  },
  {
    "title": "Husholdningssaft",
    "subtitle": "Uten tilsatt sukker, 1,35 l",
    "category": { "sub": "Saft", "parent": "Drikkevarer" },
    "price": { "price": 63.1, "unitPrice": 46.74, "unit": "l", "qty": 1.35 }
  },
  {
    "title": "Bringebærsirup",
    "subtitle": "0,75 l",
    "category": { "sub": "Saft", "parent": "Drikkevarer" },
    "price": { "price": 53, "unitPrice": 70.67, "unit": "l", "qty": 0.75 }
  },
  {
    "title": "Rips & Bringebærsaft",
    "subtitle": "0,7 l",
    "category": { "sub": "Saft", "parent": "Drikkevarer" },
    "price": { "price": 45.8, "unitPrice": 65.43, "unit": "l", "qty": 0.7 }
  },
  {
    "title": "Blåbærsaft",
    "subtitle": "0,7 l",
    "category": { "sub": "Saft", "parent": "Drikkevarer" },
    "price": { "price": 59.7, "unitPrice": 85.29, "unit": "l", "qty": 0.7 }
  },
  {
    "title": "Solbærsirup",
    "subtitle": "0,75 l",
    "category": { "sub": "Saft", "parent": "Drikkevarer" },
    "price": { "price": 28.3, "unitPrice": 37.73, "unit": "l", "qty": 0.75 }
  },
  {
    "title": "Lerum Solbærsirup",
    "subtitle": "1,5 l",
    "category": { "sub": "Saft", "parent": "Drikkevarer" },
    "price": { "price": 48.8, "unitPrice": 32.53, "unit": "l", "qty": 1.5 }
  },
  {
    "title": "Skogsbærsaft",
    "subtitle": "Uten Tilsatt Sukker, 0,9 l",
    "category": { "sub": "Saft", "parent": "Drikkevarer" },
    "price": { "price": 61.5, "unitPrice": 68.33, "unit": "l", "qty": 0.9 }
  },
  {
    "title": "Eple & Pæresaft",
    "subtitle": "Uten Tilsatt Sukker, 0,9 l",
    "category": { "sub": "Saft", "parent": "Drikkevarer" },
    "price": { "price": 56.1, "unitPrice": 62.33, "unit": "l", "qty": 0.9 }
  },
  {
    "title": "Husholdningssaft Med Solbær",
    "subtitle": "1,75 l",
    "category": { "sub": "Saft", "parent": "Drikkevarer" },
    "price": { "price": 65.7, "unitPrice": 37.54, "unit": "l", "qty": 1.75 }
  },
  {
    "title": "Appelsinsaft",
    "subtitle": "1,5 l",
    "category": { "sub": "Saft", "parent": "Drikkevarer" },
    "price": { "price": 15, "unitPrice": 10, "unit": "l", "qty": 1.5 }
  },
  {
    "title": "Husholdningssaft",
    "subtitle": "1,5 l",
    "category": { "sub": "Saft", "parent": "Drikkevarer" },
    "price": { "price": 27.2, "unitPrice": 18.13, "unit": "l", "qty": 1.5 }
  },
  {
    "title": "Tomtegløgg",
    "subtitle": "1 l",
    "category": { "sub": "Saft", "parent": "Drikkevarer" },
    "price": { "price": 73.4, "unitPrice": 51.38, "unit": "l", "qty": 1.43 }
  },
  {
    "title": "Appelsin",
    "subtitle": "3 stk, 0,75 l",
    "category": { "sub": "Saft", "parent": "Drikkevarer" },
    "price": { "price": 27.2, "unitPrice": 36.27, "unit": "l", "qty": 0.75 }
  },
  {
    "title": "Appelsin & Jordbær",
    "subtitle": "3 stk, 0,75 l",
    "category": { "sub": "Saft", "parent": "Drikkevarer" },
    "price": { "price": 27.2, "unitPrice": 36.27, "unit": "l", "qty": 0.75 }
  },
  {
    "title": "Solrik Jordbær & Appelsin",
    "subtitle": "Lett, 0,25 l",
    "category": { "sub": "Saft", "parent": "Drikkevarer" },
    "price": { "price": 13.8, "unitPrice": 55.2, "unit": "l", "qty": 0.25 }
  },
  {
    "title": "Solrik Appelsin Lett",
    "subtitle": "0,25 l",
    "category": { "sub": "Saft", "parent": "Drikkevarer" },
    "price": { "price": 13.8, "unitPrice": 55.2, "unit": "l", "qty": 0.25 }
  },
  {
    "title": "Kuli Appelsin",
    "subtitle": "0,2 l",
    "category": { "sub": "Saft", "parent": "Drikkevarer" },
    "price": { "price": 14.3, "unitPrice": 71.5, "unit": "l", "qty": 0.2 }
  },
  {
    "title": "Kuli Eple",
    "subtitle": "0,2 l",
    "category": { "sub": "Saft", "parent": "Drikkevarer" },
    "price": { "price": 14.3, "unitPrice": 71.5, "unit": "l", "qty": 0.2 }
  },
  {
    "title": "Sprett Epledrikk",
    "subtitle": "250 ml",
    "category": { "sub": "Saft", "parent": "Drikkevarer" },
    "price": { "price": 17.1, "unitPrice": 68.4, "unit": "l", "qty": 0.25 }
  },
  {
    "title": "Sprett Tropisk drikk",
    "subtitle": "250 ml",
    "category": { "sub": "Saft", "parent": "Drikkevarer" },
    "price": { "price": 17.1, "unitPrice": 68.4, "unit": "l", "qty": 0.25 }
  },
  {
    "title": "Økologisk Hylleblomstsaft",
    "subtitle": "Drikkeklar, 0,75 l",
    "category": { "sub": "Saft", "parent": "Drikkevarer" },
    "price": { "price": 109, "unitPrice": 145.33, "unit": "l", "qty": 0.75 }
  },
  {
    "title": "Økologisk Bringebærsaft",
    "subtitle": "700 ml",
    "category": { "sub": "Saft", "parent": "Drikkevarer" },
    "price": { "price": 119, "unitPrice": 170, "unit": "l", "qty": 0.7 }
  },
  {
    "title": "Økologisk Blåbærdrikk",
    "subtitle": "0,25 l",
    "category": { "sub": "Saft", "parent": "Drikkevarer" },
    "price": { "price": 39.9, "unitPrice": 159.6, "unit": "l", "qty": 0.25 }
  },
  {
    "title": "Økologisk Hylleblomstdrikk",
    "subtitle": "0,25 l",
    "category": { "sub": "Saft", "parent": "Drikkevarer" },
    "price": { "price": 39.9, "unitPrice": 159.6, "unit": "l", "qty": 0.25 }
  },
  {
    "title": "Økologisk Ripsdrikk",
    "subtitle": "250 ml",
    "category": { "sub": "Saft", "parent": "Drikkevarer" },
    "price": { "price": 39.9, "unitPrice": 159.6, "unit": "l", "qty": 0.25 }
  },
  {
    "title": "Økologisk Kirsbærdrikk",
    "subtitle": "250 ml",
    "category": { "sub": "Saft", "parent": "Drikkevarer" },
    "price": { "price": 39.9, "unitPrice": 159.6, "unit": "l", "qty": 0.25 }
  },
  {
    "title": "Økologisk Plommedrikk",
    "subtitle": "250 ml",
    "category": { "sub": "Saft", "parent": "Drikkevarer" },
    "price": { "price": 39.9, "unitPrice": 159.6, "unit": "l", "qty": 0.25 }
  },
  {
    "title": "Økologisk Rabarbradrikk",
    "subtitle": "0,25 l",
    "category": { "sub": "Saft", "parent": "Drikkevarer" },
    "price": { "price": 39.9, "unitPrice": 159.6, "unit": "l", "qty": 0.25 }
  },
  {
    "title": "Økologisk Solbærdrikk",
    "subtitle": "250 ml",
    "category": { "sub": "Saft", "parent": "Drikkevarer" },
    "price": { "price": 39.9, "unitPrice": 159.6, "unit": "l", "qty": 0.25 }
  },
  {
    "title": "Økologisk Rabarbra og Hylleblomstsaft",
    "subtitle": "375 ml",
    "category": { "sub": "Saft", "parent": "Drikkevarer" },
    "price": { "price": 139, "unitPrice": 370.67, "unit": "l", "qty": 0.37 }
  },
  {
    "title": "Tomtegløgg Krydder",
    "subtitle": "1 l",
    "category": { "sub": "Saft", "parent": "Drikkevarer" },
    "price": { "price": 88.9, "unitPrice": 62.23, "unit": "l", "qty": 1.43 }
  },
  {
    "title": "Iste Fersken",
    "subtitle": "0,5 l",
    "category": { "sub": "Iste", "parent": "Drikkevarer" },
    "price": { "price": 21.4, "unitPrice": 42.8, "unit": "l", "qty": 0.5 }
  },
  {
    "title": "Iste Original Zero",
    "subtitle": "0,5 l",
    "category": { "sub": "Iste", "parent": "Drikkevarer" },
    "price": { "price": 20.4, "unitPrice": 40.8, "unit": "l", "qty": 0.5 }
  },
  {
    "title": "Iste Lime",
    "subtitle": "0,5 l",
    "category": { "sub": "Iste", "parent": "Drikkevarer" },
    "price": { "price": 21.4, "unitPrice": 42.8, "unit": "l", "qty": 0.5 }
  },
  {
    "title": "Iste Guava",
    "subtitle": "0,5 l",
    "category": { "sub": "Iste", "parent": "Drikkevarer" },
    "price": { "price": 28.5, "unitPrice": 57, "unit": "l", "qty": 0.5 }
  },
  {
    "title": "Lipton Peach Ice Tea",
    "subtitle": "0,5 l",
    "category": { "sub": "Iste", "parent": "Drikkevarer" },
    "price": { "price": 31.1, "unitPrice": 62.2, "unit": "l", "qty": 0.5 }
  },
  {
    "title": "Lemon Zero Ice Tea",
    "subtitle": "0,5 l",
    "category": { "sub": "Iste", "parent": "Drikkevarer" },
    "price": { "price": 29.5, "unitPrice": 59, "unit": "l", "qty": 0.5 }
  },
  {
    "title": "Lipton Ice Tea Mango",
    "subtitle": "0,5 l",
    "category": { "sub": "Iste", "parent": "Drikkevarer" },
    "price": { "price": 29.7, "unitPrice": 59.4, "unit": "l", "qty": 0.5 }
  },
  {
    "title": "Lipton Ice Tea Lemon",
    "subtitle": "0,5 l",
    "category": { "sub": "Iste", "parent": "Drikkevarer" },
    "price": { "price": 29.7, "unitPrice": 59.4, "unit": "l", "qty": 0.5 }
  },
  {
    "title": "Iste Fersken",
    "subtitle": "1,5 l",
    "category": { "sub": "Iste", "parent": "Drikkevarer" },
    "price": { "price": 29.8, "unitPrice": 19.87, "unit": "l", "qty": 1.5 }
  },
  {
    "title": "Iste Sitron",
    "subtitle": "1,5 l",
    "category": { "sub": "Iste", "parent": "Drikkevarer" },
    "price": { "price": 28.2, "unitPrice": 18.8, "unit": "l", "qty": 1.5 }
  },
  {
    "title": "Iste Fersken",
    "subtitle": "1,5 l",
    "category": { "sub": "Iste", "parent": "Drikkevarer" },
    "price": { "price": 29.1, "unitPrice": 19.4, "unit": "l", "qty": 1.5 }
  },
  {
    "title": "Iste Fersken X",
    "subtitle": "1,5 l",
    "category": { "sub": "Iste", "parent": "Drikkevarer" },
    "price": { "price": 28.1, "unitPrice": 18.73, "unit": "l", "qty": 1.5 }
  },
  {
    "title": "Fun Light Ice Tea Peach",
    "subtitle": "0,8 l",
    "category": { "sub": "Iste", "parent": "Drikkevarer" },
    "price": { "price": 39.3, "unitPrice": 49.13, "unit": "l", "qty": 0.8 }
  },
  {
    "title": "IsKaffe Salty Caramel",
    "subtitle": "Uten Tilsatt Sukker, 330 ml",
    "category": { "sub": "Iskaffe", "parent": "Drikkevarer" },
    "price": { "price": 19.1, "unitPrice": 57.88, "unit": "l", "qty": 0.33 }
  },
  {
    "title": "IsKaffe Latte Zero",
    "subtitle": "Uten Tilsatt Sukker, 330 ml",
    "category": { "sub": "Iskaffe", "parent": "Drikkevarer" },
    "price": { "price": 19.1, "unitPrice": 57.88, "unit": "l", "qty": 0.33 }
  },
  {
    "title": "Iskaffe Cappuccino Zero",
    "subtitle": "Uten Tilsatt Sukker, 0,33 l",
    "category": { "sub": "Iskaffe", "parent": "Drikkevarer" },
    "price": { "price": 19.1, "unitPrice": 57.88, "unit": "l", "qty": 0.33 }
  },
  {
    "title": "IsKaffe Brasil",
    "subtitle": "0,33 l",
    "category": { "sub": "Iskaffe", "parent": "Drikkevarer" },
    "price": { "price": 19.1, "unitPrice": 57.88, "unit": "l", "qty": 0.33 }
  },
  {
    "title": "IsKaffe Caffe Mocca",
    "subtitle": "330 ml",
    "category": { "sub": "Iskaffe", "parent": "Drikkevarer" },
    "price": { "price": 19.1, "unitPrice": 57.88, "unit": "l", "qty": 0.33 }
  },
  {
    "title": "Iskaffe Cappuccino",
    "subtitle": "0,33 l",
    "category": { "sub": "Iskaffe", "parent": "Drikkevarer" },
    "price": { "price": 19.1, "unitPrice": 57.88, "unit": "l", "qty": 0.33 }
  },
  {
    "title": "IsKaffe Cappuccino",
    "subtitle": "1 l",
    "category": { "sub": "Iskaffe", "parent": "Drikkevarer" },
    "price": { "price": 44.8, "unitPrice": 44.8, "unit": "l", "qty": 1 }
  },
  {
    "title": "Ice Coffee",
    "subtitle": "8 stk, 112 g",
    "category": { "sub": "Iskaffe", "parent": "Drikkevarer" },
    "price": { "price": 36.7, "unitPrice": 327.68, "unit": "kg", "qty": 0.11 }
  },
  {
    "title": "Cappuccino",
    "subtitle": "220 ml",
    "category": { "sub": "Iskaffe", "parent": "Drikkevarer" },
    "price": { "price": 21.3, "unitPrice": 96.82, "unit": "l", "qty": 0.22 }
  },
  {
    "title": "Caramel Macchiato",
    "subtitle": "220 ml",
    "category": { "sub": "Iskaffe", "parent": "Drikkevarer" },
    "price": { "price": 21.3, "unitPrice": 96.82, "unit": "l", "qty": 0.22 }
  },
  {
    "title": "Iskaffe Cappuccino",
    "subtitle": "2,5 dl",
    "category": { "sub": "Iskaffe", "parent": "Drikkevarer" },
    "price": { "price": 20.8, "unitPrice": 83.2, "unit": "l", "qty": 0.25 }
  },
  {
    "title": "Iskaffe Latte",
    "subtitle": "2,5 dl",
    "category": { "sub": "Iskaffe", "parent": "Drikkevarer" },
    "price": { "price": 17.8, "unitPrice": 71.2, "unit": "l", "qty": 0.25 }
  },
  {
    "title": "Battery Energidrikk",
    "subtitle": "0,5 l",
    "category": { "sub": "Energidrikk", "parent": "Drikkevarer" },
    "price": { "price": 19.9, "unitPrice": 39.8, "unit": "l", "qty": 0.5 }
  },
  {
    "title": "Battery No Calorie",
    "subtitle": "0,5 l",
    "category": { "sub": "Energidrikk", "parent": "Drikkevarer" },
    "price": { "price": 24.9, "unitPrice": 49.8, "unit": "l", "qty": 0.5 }
  },
  {
    "title": "Battery Energy Drink",
    "subtitle": "4 x 0,33l, 1,32 l",
    "category": { "sub": "Energidrikk", "parent": "Drikkevarer" },
    "price": { "price": 81.2, "unitPrice": 61.52, "unit": "l", "qty": 1.32 }
  },
  {
    "title": "Battery Remix",
    "subtitle": "0,5 l",
    "category": { "sub": "Energidrikk", "parent": "Drikkevarer" },
    "price": { "price": 23.4, "unitPrice": 46.8, "unit": "l", "qty": 0.5 }
  },
  {
    "title": "Battery Raspberry",
    "subtitle": "No Calories, 0,33 l",
    "category": { "sub": "Energidrikk", "parent": "Drikkevarer" },
    "price": { "price": 16.9, "unitPrice": 51.21, "unit": "l", "qty": 0.33 }
  },
  {
    "title": "Battery Green Apple",
    "subtitle": "No Calories, 0,33 l",
    "category": { "sub": "Energidrikk", "parent": "Drikkevarer" },
    "price": { "price": 16.9, "unitPrice": 51.21, "unit": "l", "qty": 0.33 }
  },
  {
    "title": "Battery FRSH",
    "subtitle": "0,5 l",
    "category": { "sub": "Energidrikk", "parent": "Drikkevarer" },
    "price": { "price": 22.9, "unitPrice": 45.8, "unit": "l", "qty": 0.5 }
  },
  {
    "title": "Battery BRRY",
    "subtitle": "0,5 l",
    "category": { "sub": "Energidrikk", "parent": "Drikkevarer" },
    "price": { "price": 22.9, "unitPrice": 45.8, "unit": "l", "qty": 0.5 }
  },
  {
    "title": "Battery PeachBRRY",
    "subtitle": "0,5 l",
    "category": { "sub": "Energidrikk", "parent": "Drikkevarer" },
    "price": { "price": 22.9, "unitPrice": 45.8, "unit": "l", "qty": 0.5 }
  },
  {
    "title": "Battery Energy Drink",
    "subtitle": "0,4 l",
    "category": { "sub": "Energidrikk", "parent": "Drikkevarer" },
    "price": { "price": 16.9, "unitPrice": 42.25, "unit": "l", "qty": 0.4 }
  },
  {
    "title": "Red Bull Sugar Free",
    "subtitle": "0,25 l",
    "category": { "sub": "Energidrikk", "parent": "Drikkevarer" },
    "price": { "price": 20.8, "unitPrice": 83.2, "unit": "l", "qty": 0.25 }
  },
  {
    "title": "Red Bull",
    "subtitle": "0,25 l",
    "category": { "sub": "Energidrikk", "parent": "Drikkevarer" },
    "price": { "price": 19.8, "unitPrice": 79.2, "unit": "l", "qty": 0.25 }
  },
  {
    "title": "Red Bull Peach Edition",
    "subtitle": "0,25 l",
    "category": { "sub": "Energidrikk", "parent": "Drikkevarer" },
    "price": { "price": 22.9, "unitPrice": 91.6, "unit": "l", "qty": 0.25 }
  },
  {
    "title": "Coke Energy",
    "subtitle": "250 ml",
    "category": { "sub": "Energidrikk", "parent": "Drikkevarer" },
    "price": { "price": 18.8, "unitPrice": 75.2, "unit": "l", "qty": 0.25 }
  },
  {
    "title": "Coke Energy",
    "subtitle": "Uten Sukker, 0,25 l",
    "category": { "sub": "Energidrikk", "parent": "Drikkevarer" },
    "price": { "price": 18.8, "unitPrice": 75.2, "unit": "l", "qty": 0.25 }
  },
  {
    "title": "Burn Original",
    "subtitle": "0,5 l",
    "category": { "sub": "Energidrikk", "parent": "Drikkevarer" },
    "price": { "price": 26.1, "unitPrice": 52.2, "unit": "l", "qty": 0.5 }
  },
  {
    "title": "Miami Strawberry",
    "subtitle": "0,33 l",
    "category": { "sub": "Energidrikk", "parent": "Drikkevarer" },
    "price": { "price": 31.2, "unitPrice": 94.55, "unit": "l", "qty": 0.33 }
  },
  {
    "title": "Nocco Limón Del Sol",
    "subtitle": "0,33 l",
    "category": { "sub": "Energidrikk", "parent": "Drikkevarer" },
    "price": { "price": 31.5, "unitPrice": 95.45, "unit": "l", "qty": 0.33 }
  },
  {
    "title": "Nocco Focus Cola",
    "subtitle": "0,33 l",
    "category": { "sub": "Energidrikk", "parent": "Drikkevarer" },
    "price": { "price": 28.2, "unitPrice": 85.45, "unit": "l", "qty": 0.33 }
  },
  {
    "title": "Gatorade Cool Blue",
    "subtitle": "0,5 l",
    "category": { "sub": "Energidrikk", "parent": "Drikkevarer" },
    "price": { "price": 38, "unitPrice": 76, "unit": "l", "qty": 0.5 }
  },
  {
    "title": "Red Bull",
    "subtitle": "4x0,25ltr, 1 l",
    "category": { "sub": "Energidrikk", "parent": "Drikkevarer" },
    "price": { "price": 77.8, "unitPrice": 77.8, "unit": "l", "qty": 1 }
  },
  {
    "title": "Red Bull Regular",
    "subtitle": "473 ml",
    "category": { "sub": "Energidrikk", "parent": "Drikkevarer" },
    "price": { "price": 34.8, "unitPrice": 73.57, "unit": "l", "qty": 0.47 }
  },
  {
    "title": "Red Bull",
    "subtitle": "Sukkerfri, 473 ml",
    "category": { "sub": "Energidrikk", "parent": "Drikkevarer" },
    "price": { "price": 34.8, "unitPrice": 73.57, "unit": "l", "qty": 0.47 }
  },
  {
    "title": "Red Bull Yellow Edition",
    "subtitle": "Tropical, 0,25 l",
    "category": { "sub": "Energidrikk", "parent": "Drikkevarer" },
    "price": { "price": 21.8, "unitPrice": 87.2, "unit": "l", "qty": 0.25 }
  },
  {
    "title": "Monster Ultra White",
    "subtitle": "0,5 l",
    "category": { "sub": "Energidrikk", "parent": "Drikkevarer" },
    "price": { "price": 23.9, "unitPrice": 47.8, "unit": "l", "qty": 0.5 }
  },
  {
    "title": "Monster Energy",
    "subtitle": "0,5 l",
    "category": { "sub": "Energidrikk", "parent": "Drikkevarer" },
    "price": { "price": 22.9, "unitPrice": 45.8, "unit": "l", "qty": 0.5 }
  },
  {
    "title": "Monster Mango Loco",
    "subtitle": "0,5 l",
    "category": { "sub": "Energidrikk", "parent": "Drikkevarer" },
    "price": { "price": 24.3, "unitPrice": 48.6, "unit": "l", "qty": 0.5 }
  },
  {
    "title": "Monster Rossi",
    "subtitle": "0,5 l",
    "category": { "sub": "Energidrikk", "parent": "Drikkevarer" },
    "price": { "price": 25.9, "unitPrice": 51.8, "unit": "l", "qty": 0.5 }
  },
  {
    "title": "Day & Nite",
    "subtitle": "250 ml",
    "category": { "sub": "Energidrikk", "parent": "Drikkevarer" },
    "price": { "price": 18.3, "unitPrice": 73.2, "unit": "l", "qty": 0.25 }
  },
  {
    "title": "Powerade Mountain Blast",
    "subtitle": "0,5 l",
    "category": { "sub": "Energidrikk", "parent": "Drikkevarer" },
    "price": { "price": 25.3, "unitPrice": 50.6, "unit": "l", "qty": 0.5 }
  },
  {
    "title": "Propud Milkshake Chocolate",
    "subtitle": "0,33 l",
    "category": { "sub": "Energidrikk", "parent": "Drikkevarer" },
    "price": { "price": 29.1, "unitPrice": 88.18, "unit": "l", "qty": 0.33 }
  },
  {
    "title": "Yt Restitusjonsdrikk Kakao",
    "subtitle": "330 ml",
    "category": { "sub": "Energidrikk", "parent": "Drikkevarer" },
    "price": { "price": 24.1, "unitPrice": 73.03, "unit": "l", "qty": 0.33 }
  },
  {
    "title": "YT Sportsdrikk",
    "subtitle": "Appelsin, 0,5 l",
    "category": { "sub": "Energidrikk", "parent": "Drikkevarer" },
    "price": { "price": 25.5, "unitPrice": 51, "unit": "l", "qty": 0.5 }
  },
  {
    "title": "Smartfish High Protein",
    "subtitle": "Sportsdrikk, 200 ml",
    "category": { "sub": "Energidrikk", "parent": "Drikkevarer" },
    "price": { "price": 33.1, "unitPrice": 165.5, "unit": "l", "qty": 0.2 }
  },
  {
    "title": "Frokostkaffe",
    "subtitle": "Filtermalt, 500 g",
    "category": { "sub": "Kaffe", "parent": "Varme drikker" },
    "price": { "price": 68.5, "unitPrice": 137, "unit": "kg", "qty": 0.5 }
  },
  {
    "title": "Frokostkaffe",
    "subtitle": "Filtermalt, 250 g",
    "category": { "sub": "Kaffe", "parent": "Varme drikker" },
    "price": { "price": 37.4, "unitPrice": 149.6, "unit": "kg", "qty": 0.25 }
  },
  {
    "title": "Frokostkaffe",
    "subtitle": "Hele bønner, 500 g",
    "category": { "sub": "Kaffe", "parent": "Varme drikker" },
    "price": { "price": 78.6, "unitPrice": 157.2, "unit": "kg", "qty": 0.5 }
  },
  {
    "title": "Frokostkaffe",
    "subtitle": "Presskanne, 250 g",
    "category": { "sub": "Kaffe", "parent": "Varme drikker" },
    "price": { "price": 38.7, "unitPrice": 154.8, "unit": "kg", "qty": 0.25 }
  },
  {
    "title": "Friele Frokostkaffe Mørkbrent",
    "subtitle": "Filtermalt, 250 g",
    "category": { "sub": "Kaffe", "parent": "Varme drikker" },
    "price": { "price": 43.5, "unitPrice": 174, "unit": "kg", "qty": 0.25 }
  },
  {
    "title": "Frokostkaffe Koffeinfri",
    "subtitle": "Filtermalt, 250 g",
    "category": { "sub": "Kaffe", "parent": "Varme drikker" },
    "price": { "price": 45.6, "unitPrice": 182.4, "unit": "kg", "qty": 0.25 }
  },
  {
    "title": "Frokostkaffe",
    "subtitle": "Kokmalt, 250 g",
    "category": { "sub": "Kaffe", "parent": "Varme drikker" },
    "price": { "price": 35.9, "unitPrice": 143.6, "unit": "kg", "qty": 0.25 }
  },
  {
    "title": "Original Filtermalt Kaffe",
    "subtitle": "500 g",
    "category": { "sub": "Kaffe", "parent": "Varme drikker" },
    "price": { "price": 56.4, "unitPrice": 112.8, "unit": "kg", "qty": 0.5 }
  },
  {
    "title": "Original Filtermalt Kaffe",
    "subtitle": "250 g",
    "category": { "sub": "Kaffe", "parent": "Varme drikker" },
    "price": { "price": 29.2, "unitPrice": 116.8, "unit": "kg", "qty": 0.25 }
  },
  {
    "title": "Original Kaffe Presskanne",
    "subtitle": "250 g",
    "category": { "sub": "Kaffe", "parent": "Varme drikker" },
    "price": { "price": 36.4, "unitPrice": 145.6, "unit": "kg", "qty": 0.25 }
  },
  {
    "title": "Fairtrade Kaffe Filtermalt",
    "subtitle": "Økologisk, 250 g",
    "category": { "sub": "Kaffe", "parent": "Varme drikker" },
    "price": { "price": 40.2, "unitPrice": 160.8, "unit": "kg", "qty": 0.25 }
  },
  {
    "title": "Fairtrade Kaffe",
    "subtitle": "Hele Bønner, 225 g",
    "category": { "sub": "Kaffe", "parent": "Varme drikker" },
    "price": { "price": 40.2, "unitPrice": 178.67, "unit": "kg", "qty": 0.22 }
  },
  {
    "title": "Classic Gran Dia Filtermalt",
    "subtitle": "500 g",
    "category": { "sub": "Kaffe", "parent": "Varme drikker" },
    "price": { "price": 77, "unitPrice": 154, "unit": "kg", "qty": 0.5 }
  },
  {
    "title": "Classic Mellanrost",
    "subtitle": "Filtermalt, 500 g",
    "category": { "sub": "Kaffe", "parent": "Varme drikker" },
    "price": { "price": 80.9, "unitPrice": 161.8, "unit": "kg", "qty": 0.5 }
  },
  {
    "title": "Nero Espresso",
    "subtitle": "Hele Bønner, 500 g",
    "category": { "sub": "Kaffe", "parent": "Varme drikker" },
    "price": { "price": 98.3, "unitPrice": 196.6, "unit": "kg", "qty": 0.5 }
  },
  {
    "title": "Skånerost",
    "subtitle": "filtermalt, 450 g",
    "category": { "sub": "Kaffe", "parent": "Varme drikker" },
    "price": { "price": 77.4, "unitPrice": 172, "unit": "kg", "qty": 0.45 }
  },
  {
    "title": "Mollbergs Blanding",
    "subtitle": "filtermalt, 450 g",
    "category": { "sub": "Kaffe", "parent": "Varme drikker" },
    "price": { "price": 76.4, "unitPrice": 169.78, "unit": "kg", "qty": 0.45 }
  },
  {
    "title": "Friele Fairtrade",
    "subtitle": "250 g",
    "category": { "sub": "Kaffe", "parent": "Varme drikker" },
    "price": { "price": 48.6, "unitPrice": 194.4, "unit": "kg", "qty": 0.25 }
  },
  {
    "title": "Café Noir DF",
    "subtitle": "Filtermalt, 250 g",
    "category": { "sub": "Kaffe", "parent": "Varme drikker" },
    "price": { "price": 44.8, "unitPrice": 179.2, "unit": "kg", "qty": 0.25 }
  },
  {
    "title": "Slow Roast Mørk",
    "subtitle": "Hele bønner, 450 g",
    "category": { "sub": "Kaffe", "parent": "Varme drikker" },
    "price": { "price": 72.6, "unitPrice": 161.33, "unit": "kg", "qty": 0.45 }
  },
  {
    "title": "Espresso Brasil",
    "subtitle": "Hele Bønner, 225 g",
    "category": { "sub": "Kaffe", "parent": "Varme drikker" },
    "price": { "price": 65, "unitPrice": 288.89, "unit": "kg", "qty": 0.22 }
  },
  {
    "title": "Kaffe fra Costa Rica",
    "subtitle": "Hele bønner, 225 g",
    "category": { "sub": "Kaffe", "parent": "Varme drikker" },
    "price": { "price": 75, "unitPrice": 333.33, "unit": "kg", "qty": 0.23 }
  },
  {
    "title": "Kaffe fra Kenya",
    "subtitle": "Hele bønner, 225 g",
    "category": { "sub": "Kaffe", "parent": "Varme drikker" },
    "price": { "price": 79, "unitPrice": 351.11, "unit": "kg", "qty": 0.23 }
  },
  {
    "title": "Kaffe Etiopia",
    "subtitle": "Hele Bønner, 225 g",
    "category": { "sub": "Kaffe", "parent": "Varme drikker" },
    "price": { "price": 82.5, "unitPrice": 366.67, "unit": "kg", "qty": 0.22 }
  },
  {
    "title": "Kaffe Peru",
    "subtitle": "Hele Bønner, 225 g",
    "category": { "sub": "Kaffe", "parent": "Varme drikker" },
    "price": { "price": 75.2, "unitPrice": 334.22, "unit": "kg", "qty": 0.23 }
  },
  {
    "title": "Frokostkaffe",
    "subtitle": "Filtermalt, 225 g",
    "category": { "sub": "Kaffe", "parent": "Varme drikker" },
    "price": { "price": 72.4, "unitPrice": 321.78, "unit": "kg", "qty": 0.22 }
  },
  {
    "title": "Kaffe, Filtermalt",
    "subtitle": "500 g",
    "category": { "sub": "Kaffe", "parent": "Varme drikker" },
    "price": { "price": 52.6, "unitPrice": 105.2, "unit": "kg", "qty": 0.5 }
  },
  {
    "title": "Kaffe Hele Bønner",
    "subtitle": "500 g",
    "category": { "sub": "Kaffe", "parent": "Varme drikker" },
    "price": { "price": 60.5, "unitPrice": 121, "unit": "kg", "qty": 0.5 }
  },
  {
    "title": "Sjokoladekaffe",
    "subtitle": "Filtermalt, 125 g",
    "category": { "sub": "Kaffe", "parent": "Varme drikker" },
    "price": { "price": 45.8, "unitPrice": 366.4, "unit": "kg", "qty": 0.13 }
  },
  {
    "title": "Nescafé Cappuccino",
    "subtitle": "10 stk, 125 g",
    "category": { "sub": "Kaffe", "parent": "Varme drikker" },
    "price": { "price": 32.4, "unitPrice": 259.2, "unit": "kg", "qty": 0.13 }
  },
  {
    "title": "Nescafé Cafe Au Chocolat",
    "subtitle": "8stk, 144 g",
    "category": { "sub": "Kaffe", "parent": "Varme drikker" },
    "price": { "price": 33.8, "unitPrice": 234.72, "unit": "kg", "qty": 0.14 }
  },
  {
    "title": "Nescafé Latte Macchiato",
    "subtitle": "8 stk, 144 g",
    "category": { "sub": "Kaffe", "parent": "Varme drikker" },
    "price": { "price": 32.8, "unitPrice": 227.78, "unit": "kg", "qty": 0.14 }
  },
  {
    "title": "Ice Coffee",
    "subtitle": "8 stk, 112 g",
    "category": { "sub": "Kaffe", "parent": "Varme drikker" },
    "price": { "price": 36.7, "unitPrice": 327.68, "unit": "kg", "qty": 0.11 }
  },
  {
    "title": "Nescafe 3 in1",
    "subtitle": "10 stk, 165 g",
    "category": { "sub": "Kaffe", "parent": "Varme drikker" },
    "price": { "price": 36.5, "unitPrice": 221.21, "unit": "kg", "qty": 0.17 }
  },
  {
    "title": "Nescafé Gull",
    "subtitle": "Smartpack, 300 g",
    "category": { "sub": "Kaffe", "parent": "Varme drikker" },
    "price": { "price": 109, "unitPrice": 363.33, "unit": "kg", "qty": 0.3 }
  },
  {
    "title": "Nescafé Gull",
    "subtitle": "200 g",
    "category": { "sub": "Kaffe", "parent": "Varme drikker" },
    "price": { "price": 62.6, "unitPrice": 313, "unit": "kg", "qty": 0.2 }
  },
  {
    "title": "Nescafé Gull",
    "subtitle": "100g Refill, 100 g",
    "category": { "sub": "Kaffe", "parent": "Varme drikker" },
    "price": { "price": 26.7, "unitPrice": 267, "unit": "kg", "qty": 0.1 }
  },
  {
    "title": "Nescafé Gull",
    "subtitle": "100 g",
    "category": { "sub": "Kaffe", "parent": "Varme drikker" },
    "price": { "price": 51.6, "unitPrice": 516, "unit": "kg", "qty": 0.1 }
  },
  {
    "title": "Nescafe Azera Espresso",
    "subtitle": "100 g",
    "category": { "sub": "Kaffe", "parent": "Varme drikker" },
    "price": { "price": 67.2, "unitPrice": 67.2, "unit": "stk", "qty": 1 }
  },
  {
    "title": "Nescafé Brasero",
    "subtitle": "100 g",
    "category": { "sub": "Kaffe", "parent": "Varme drikker" },
    "price": { "price": 33.2, "unitPrice": 332, "unit": "kg", "qty": 0.1 }
  },
  {
    "title": "Nescafé Koffeinfri Gull",
    "subtitle": "100 g",
    "category": { "sub": "Kaffe", "parent": "Varme drikker" },
    "price": { "price": 89.9, "unitPrice": 899, "unit": "kg", "qty": 0.1 }
  },
  {
    "title": "Espressokaffe Malt",
    "subtitle": "Illy, 250 g",
    "category": { "sub": "Kaffe", "parent": "Varme drikker" },
    "price": { "price": 93.9, "unitPrice": 375.6, "unit": "kg", "qty": 0.25 }
  },
  {
    "title": "Friele Instant Gull Glass",
    "subtitle": "200 g",
    "category": { "sub": "Kaffe", "parent": "Varme drikker" },
    "price": { "price": 83.9, "unitPrice": 419.5, "unit": "kg", "qty": 0.2 }
  },
  {
    "title": "Friele Instant Gull Refil",
    "subtitle": "100 g",
    "category": { "sub": "Kaffe", "parent": "Varme drikker" },
    "price": { "price": 43.5, "unitPrice": 435, "unit": "kg", "qty": 0.1 }
  },
  {
    "title": "Coffee-mate Fløtepulver",
    "subtitle": "200 g",
    "category": { "sub": "Kaffe", "parent": "Varme drikker" },
    "price": { "price": 43.8, "unitPrice": 219, "unit": "kg", "qty": 0.2 }
  },
  {
    "title": "Kaffe Prima",
    "subtitle": "Filtermalt, 250 g",
    "category": { "sub": "Kaffe", "parent": "Varme drikker" },
    "price": { "price": 17.3, "unitPrice": 69.2, "unit": "kg", "qty": 0.25 }
  },
  {
    "title": "Pulverkaffe",
    "subtitle": "200 g",
    "category": { "sub": "Kaffe", "parent": "Varme drikker" },
    "price": { "price": 24.7, "unitPrice": 123.5, "unit": "kg", "qty": 0.2 }
  },
  {
    "title": "Natreen Tabletter",
    "subtitle": "500 stk",
    "category": { "sub": "Kaffe", "parent": "Varme drikker" },
    "price": { "price": 29.4, "unitPrice": 0.06, "unit": "stk", "qty": 490 }
  },
  {
    "title": "Søtningstabletter",
    "subtitle": "100 stk",
    "category": { "sub": "Kaffe", "parent": "Varme drikker" },
    "price": { "price": 27.3, "unitPrice": 0.27, "unit": "stk", "qty": 101.11 }
  },
  {
    "title": "Søtningstabletter",
    "subtitle": "Med Stevia, 100 stk",
    "category": { "sub": "Kaffe", "parent": "Varme drikker" },
    "price": { "price": 43.5, "unitPrice": 0.44, "unit": "stk", "qty": 98.86 }
  },
  {
    "title": "Tomtegløgg",
    "subtitle": "1 l",
    "category": { "sub": "Kaffe", "parent": "Varme drikker" },
    "price": { "price": 73.4, "unitPrice": 51.38, "unit": "l", "qty": 1.43 }
  },
  {
    "title": "Tomtegløgg Krydder",
    "subtitle": "1 l",
    "category": { "sub": "Kaffe", "parent": "Varme drikker" },
    "price": { "price": 88.9, "unitPrice": 62.23, "unit": "l", "qty": 1.43 }
  },
  {
    "title": "Starbucks Blonde Espresso Roast",
    "subtitle": "Intensitet 6, 10 stk",
    "category": { "sub": "Kaffekapsler", "parent": "Varme drikker" },
    "price": { "price": 41.8, "unitPrice": 4.18, "unit": "stk", "qty": 10 }
  },
  {
    "title": "Starbucks Colombia",
    "subtitle": "Intensitet 7, 10 stk",
    "category": { "sub": "Kaffekapsler", "parent": "Varme drikker" },
    "price": { "price": 45.5, "unitPrice": 4.55, "unit": "stk", "qty": 10 }
  },
  {
    "title": "Starbucks Pike Place Roast",
    "subtitle": "Intensitet 7, 10 stk",
    "category": { "sub": "Kaffekapsler", "parent": "Varme drikker" },
    "price": { "price": 45.5, "unitPrice": 4.55, "unit": "stk", "qty": 10 }
  },
  {
    "title": "Starbucks House Blend",
    "subtitle": "Intensitet 8, 10 stk",
    "category": { "sub": "Kaffekapsler", "parent": "Varme drikker" },
    "price": { "price": 41.8, "unitPrice": 4.18, "unit": "stk", "qty": 10 }
  },
  {
    "title": "Starbucks Caffe Verona",
    "subtitle": "Intensitet 10, 10 stk",
    "category": { "sub": "Kaffekapsler", "parent": "Varme drikker" },
    "price": { "price": 45.5, "unitPrice": 4.55, "unit": "stk", "qty": 10 }
  },
  {
    "title": "Starbucks Espresso Roast",
    "subtitle": "Intensitet 11, 10 stk",
    "category": { "sub": "Kaffekapsler", "parent": "Varme drikker" },
    "price": { "price": 45.5, "unitPrice": 4.55, "unit": "stk", "qty": 10 }
  },
  {
    "title": "Dolce Gusto Americano",
    "subtitle": "Intensitet 4, 16 stk",
    "category": { "sub": "Kaffekapsler", "parent": "Varme drikker" },
    "price": { "price": 59.8, "unitPrice": 3.74, "unit": "stk", "qty": 15.99 }
  },
  {
    "title": "Dolce Gusto Grande",
    "subtitle": "Intensitet 5, 16 stk",
    "category": { "sub": "Kaffekapsler", "parent": "Varme drikker" },
    "price": { "price": 59.8, "unitPrice": 3.74, "unit": "stk", "qty": 15.99 }
  },
  {
    "title": "Dolce Gusto Mollbergs",
    "subtitle": "Intensitet 7, 16 stk",
    "category": { "sub": "Kaffekapsler", "parent": "Varme drikker" },
    "price": { "price": 59.8, "unitPrice": 3.74, "unit": "stk", "qty": 15.99 }
  },
  {
    "title": "Dolce Gusto Intenso Grande",
    "subtitle": "Intensitet 9, 16 stk",
    "category": { "sub": "Kaffekapsler", "parent": "Varme drikker" },
    "price": { "price": 59.8, "unitPrice": 3.74, "unit": "stk", "qty": 15.99 }
  },
  {
    "title": "Dolce Gusto Cafe Au Lait",
    "subtitle": "16 stk",
    "category": { "sub": "Kaffekapsler", "parent": "Varme drikker" },
    "price": { "price": 59.8, "unitPrice": 3.74, "unit": "stk", "qty": 15.99 }
  },
  {
    "title": "Dolce Gusto Cappuccino",
    "subtitle": "8+8 kapsler, 16 stk",
    "category": { "sub": "Kaffekapsler", "parent": "Varme drikker" },
    "price": { "price": 59.8, "unitPrice": 3.74, "unit": "stk", "qty": 15.99 }
  },
  {
    "title": "Kaffekapsel Arabica Blend",
    "subtitle": "10 stk",
    "category": { "sub": "Kaffekapsler", "parent": "Varme drikker" },
    "price": { "price": 33.4, "unitPrice": 3.34, "unit": "stk", "qty": 10 }
  },
  {
    "title": "Kaffekapsel Lungo Colombia",
    "subtitle": "10 stk",
    "category": { "sub": "Kaffekapsler", "parent": "Varme drikker" },
    "price": { "price": 45.1, "unitPrice": 4.51, "unit": "stk", "qty": 10 }
  },
  {
    "title": "Kaffekapsel Espresso",
    "subtitle": "10 stk",
    "category": { "sub": "Kaffekapsler", "parent": "Varme drikker" },
    "price": { "price": 45.1, "unitPrice": 4.51, "unit": "stk", "qty": 10 }
  },
  {
    "title": "L'Or Kaffekapsler Lungo Profondo",
    "subtitle": "Intensity 8, 10 stk",
    "category": { "sub": "Kaffekapsler", "parent": "Varme drikker" },
    "price": { "price": 44.1, "unitPrice": 4.41, "unit": "stk", "qty": 10 }
  },
  {
    "title": "L'or Kaffekapsler Ristretto Decaf",
    "subtitle": "Intensity 9, 10 stk",
    "category": { "sub": "Kaffekapsler", "parent": "Varme drikker" },
    "price": { "price": 44.1, "unitPrice": 4.41, "unit": "stk", "qty": 10 }
  },
  {
    "title": "L'or Kapsler Supremo",
    "subtitle": "Intensity 10, 10 stk",
    "category": { "sub": "Kaffekapsler", "parent": "Varme drikker" },
    "price": { "price": 43.8, "unitPrice": 4.38, "unit": "stk", "qty": 10 }
  },
  {
    "title": "L'Or Espresso Ristretto",
    "subtitle": "Intensity 11, 20 stk",
    "category": { "sub": "Kaffekapsler", "parent": "Varme drikker" },
    "price": { "price": 89.1, "unitPrice": 4.46, "unit": "stk", "qty": 19.98 }
  },
  {
    "title": "Friele Lungo 6",
    "subtitle": "Kapsler, 10 stk",
    "category": { "sub": "Kaffekapsler", "parent": "Varme drikker" },
    "price": { "price": 44.1, "unitPrice": 4.41, "unit": "stk", "qty": 10 }
  },
  {
    "title": "Friele Espresso 7",
    "subtitle": "Kapsler, 10 stk",
    "category": { "sub": "Kaffekapsler", "parent": "Varme drikker" },
    "price": { "price": 37.9, "unitPrice": 3.79, "unit": "stk", "qty": 10 }
  },
  {
    "title": "Senseo Friele Medium kopp",
    "subtitle": "Kaffeputer, 36 stk",
    "category": { "sub": "Kaffekapsler", "parent": "Varme drikker" },
    "price": { "price": 76.3, "unitPrice": 2.12, "unit": "stk", "qty": 35.99 }
  },
  {
    "title": "Senseo Friele Stor kopp",
    "subtitle": "Kaffeputer, 20 stk",
    "category": { "sub": "Kaffekapsler", "parent": "Varme drikker" },
    "price": { "price": 76.9, "unitPrice": 3.85, "unit": "stk", "qty": 19.97 }
  },
  {
    "title": "Senseo Classic Medium",
    "subtitle": "Kapsler, 36 stk",
    "category": { "sub": "Kaffekapsler", "parent": "Varme drikker" },
    "price": { "price": 78.7, "unitPrice": 2.19, "unit": "stk", "qty": 35.94 }
  },
  {
    "title": "Senseo Strong Liten",
    "subtitle": "Kapsler, 36 stk",
    "category": { "sub": "Kaffekapsler", "parent": "Varme drikker" },
    "price": { "price": 76.3, "unitPrice": 2.12, "unit": "stk", "qty": 35.99 }
  },
  {
    "title": "Tassimo Friele Frokostkaffe",
    "subtitle": "136 g",
    "category": { "sub": "Kaffekapsler", "parent": "Varme drikker" },
    "price": { "price": 75.2, "unitPrice": 552.94, "unit": "kg", "qty": 0.14 }
  },
  {
    "title": "Tassimo Gevalia Original",
    "subtitle": "140 g",
    "category": { "sub": "Kaffekapsler", "parent": "Varme drikker" },
    "price": { "price": 75.2, "unitPrice": 537.14, "unit": "kg", "qty": 0.14 }
  },
  {
    "title": "Twinings Earl Grey",
    "subtitle": "50 poser, 50 stk",
    "category": { "sub": "Sort te", "parent": "Varme drikker" },
    "price": { "price": 86, "unitPrice": 1.72, "unit": "stk", "qty": 50 }
  },
  {
    "title": "Twinings Earl Grey",
    "subtitle": "100 stk",
    "category": { "sub": "Sort te", "parent": "Varme drikker" },
    "price": { "price": 134.9, "unitPrice": 1.35, "unit": "stk", "qty": 99.93 }
  },
  {
    "title": "Yellow Label",
    "subtitle": "50 poser, 50 stk",
    "category": { "sub": "Sort te", "parent": "Varme drikker" },
    "price": { "price": 51, "unitPrice": 1.02, "unit": "stk", "qty": 50 }
  },
  {
    "title": "Lady Grey",
    "subtitle": "25 stk",
    "category": { "sub": "Sort te", "parent": "Varme drikker" },
    "price": { "price": 40, "unitPrice": 1.6, "unit": "stk", "qty": 25 }
  },
  {
    "title": "English Breakfast Te",
    "subtitle": "25 poser, 25 stk",
    "category": { "sub": "Sort te", "parent": "Varme drikker" },
    "price": { "price": 43.5, "unitPrice": 1.74, "unit": "stk", "qty": 25 }
  },
  {
    "title": "Classic Teas Collection",
    "subtitle": "20 stk",
    "category": { "sub": "Sort te", "parent": "Varme drikker" },
    "price": { "price": 70.1, "unitPrice": 3.51, "unit": "stk", "qty": 19.97 }
  },
  {
    "title": "Earl Grey",
    "subtitle": "Løsvekt, 200 g",
    "category": { "sub": "Sort te", "parent": "Varme drikker" },
    "price": { "price": 73.8, "unitPrice": 369, "unit": "kg", "qty": 0.2 }
  },
  {
    "title": "Lady Grey",
    "subtitle": "Løsvekt, 200 g",
    "category": { "sub": "Sort te", "parent": "Varme drikker" },
    "price": { "price": 110.8, "unitPrice": 554, "unit": "kg", "qty": 0.2 }
  },
  {
    "title": "English Breakfast",
    "subtitle": "Løsvekt, 200 g",
    "category": { "sub": "Sort te", "parent": "Varme drikker" },
    "price": { "price": 115.9, "unitPrice": 579.5, "unit": "kg", "qty": 0.2 }
  },
  {
    "title": "Yellow Label Tea",
    "subtitle": "25 poser, 25 stk",
    "category": { "sub": "Sort te", "parent": "Varme drikker" },
    "price": { "price": 29.8, "unitPrice": 1.19, "unit": "stk", "qty": 25.04 }
  },
  {
    "title": "Russian Earl Grey",
    "subtitle": "Økologisk, 20 stk",
    "category": { "sub": "Sort te", "parent": "Varme drikker" },
    "price": { "price": 37.5, "unitPrice": 1.88, "unit": "stk", "qty": 19.95 }
  },
  {
    "title": "Twinings Earl Grey",
    "subtitle": "25 stk",
    "category": { "sub": "Sort te", "parent": "Varme drikker" },
    "price": { "price": 44.8, "unitPrice": 1.79, "unit": "stk", "qty": 25.03 }
  },
  {
    "title": "Twinings Earl Grey",
    "subtitle": "Økologisk, 25 stk",
    "category": { "sub": "Sort te", "parent": "Varme drikker" },
    "price": { "price": 63.8, "unitPrice": 2.55, "unit": "stk", "qty": 25.02 }
  },
  {
    "title": "Earl Grey Te",
    "subtitle": "50 poser, 50 stk",
    "category": { "sub": "Sort te", "parent": "Varme drikker" },
    "price": { "price": 21.6, "unitPrice": 0.43, "unit": "stk", "qty": 50.23 }
  },
  {
    "title": "Love Te",
    "subtitle": "25 stk",
    "category": { "sub": "Sort te", "parent": "Varme drikker" },
    "price": { "price": 65.7, "unitPrice": 2.63, "unit": "stk", "qty": 24.98 }
  },
  {
    "title": "Rose Te",
    "subtitle": "25 stk",
    "category": { "sub": "Sort te", "parent": "Varme drikker" },
    "price": { "price": 65.7, "unitPrice": 2.63, "unit": "stk", "qty": 24.98 }
  },
  {
    "title": "Chai Latte Karamell",
    "subtitle": "Instant Te, 208 g",
    "category": { "sub": "Sort te", "parent": "Varme drikker" },
    "price": { "price": 57.9, "unitPrice": 278.37, "unit": "kg", "qty": 0.21 }
  },
  {
    "title": "Chai Latte Krydret",
    "subtitle": "Instant Te, 208 g",
    "category": { "sub": "Sort te", "parent": "Varme drikker" },
    "price": { "price": 57.9, "unitPrice": 278.37, "unit": "kg", "qty": 0.21 }
  },
  {
    "title": "Grønn Te Sitron",
    "subtitle": "50 poser, 50 stk",
    "category": { "sub": "Grønn te", "parent": "Varme drikker" },
    "price": { "price": 113.7, "unitPrice": 2.27, "unit": "stk", "qty": 50.09 }
  },
  {
    "title": "Green Tea Pyramide",
    "subtitle": "20 poser, 20 stk",
    "category": { "sub": "Grønn te", "parent": "Varme drikker" },
    "price": { "price": 31.8, "unitPrice": 1.59, "unit": "stk", "qty": 20 }
  },
  {
    "title": "Grønn Te Ingefær",
    "subtitle": "25 stk",
    "category": { "sub": "Grønn te", "parent": "Varme drikker" },
    "price": { "price": 58.9, "unitPrice": 2.36, "unit": "stk", "qty": 24.96 }
  },
  {
    "title": "Grønn Te Chai",
    "subtitle": "25 stk",
    "category": { "sub": "Grønn te", "parent": "Varme drikker" },
    "price": { "price": 67.4, "unitPrice": 2.7, "unit": "stk", "qty": 24.96 }
  },
  {
    "title": "Green Tea Intense Mint",
    "subtitle": "20 poser, 20 stk",
    "category": { "sub": "Grønn te", "parent": "Varme drikker" },
    "price": { "price": 32.8, "unitPrice": 1.64, "unit": "stk", "qty": 20 }
  },
  {
    "title": "Te Lime & Ginger Green",
    "subtitle": "Økologisk, 20 stk",
    "category": { "sub": "Grønn te", "parent": "Varme drikker" },
    "price": { "price": 47, "unitPrice": 2.35, "unit": "stk", "qty": 20 }
  },
  {
    "title": "Grønn te Mint",
    "subtitle": "25 stk",
    "category": { "sub": "Grønn te", "parent": "Varme drikker" },
    "price": { "price": 67, "unitPrice": 2.68, "unit": "stk", "qty": 25 }
  },
  {
    "title": "Grønn te Pasjonsfrukt & Jasmin",
    "subtitle": "25 stk",
    "category": { "sub": "Grønn te", "parent": "Varme drikker" },
    "price": { "price": 67, "unitPrice": 2.68, "unit": "stk", "qty": 25 }
  },
  {
    "title": "Grønn te Sitron",
    "subtitle": "25 stk",
    "category": { "sub": "Grønn te", "parent": "Varme drikker" },
    "price": { "price": 67, "unitPrice": 2.68, "unit": "stk", "qty": 25 }
  },
  {
    "title": "Twinings Grønn Te med Sitron",
    "subtitle": "25 stk",
    "category": { "sub": "Grønn te", "parent": "Varme drikker" },
    "price": { "price": 71.3, "unitPrice": 2.85, "unit": "stk", "qty": 25.02 }
  },
  {
    "title": "Grønn Te Earl Grey",
    "subtitle": "25 stk",
    "category": { "sub": "Grønn te", "parent": "Varme drikker" },
    "price": { "price": 59.2, "unitPrice": 2.37, "unit": "stk", "qty": 24.98 }
  },
  {
    "title": "Clean Matcha Green",
    "subtitle": "20 stk",
    "category": { "sub": "Grønn te", "parent": "Varme drikker" },
    "price": { "price": 59.8, "unitPrice": 2.99, "unit": "stk", "qty": 20 }
  },
  {
    "title": "Yogi Tea Green Balance",
    "subtitle": "Økologisk, 17 stk",
    "category": { "sub": "Grønn te", "parent": "Varme drikker" },
    "price": { "price": 60.1, "unitPrice": 3.54, "unit": "stk", "qty": 16.98 }
  },
  {
    "title": "Forest Fruit Tea Pyramide",
    "subtitle": "20 poser, 20 stk",
    "category": { "sub": "Urte-te og frukt-te", "parent": "Varme drikker" },
    "price": { "price": 27.8, "unitPrice": 1.39, "unit": "stk", "qty": 20 }
  },
  {
    "title": "Spicy Indian Chai",
    "subtitle": "20 poser, 20 stk",
    "category": { "sub": "Urte-te og frukt-te", "parent": "Varme drikker" },
    "price": { "price": 61.4, "unitPrice": 3.07, "unit": "stk", "qty": 20 }
  },
  {
    "title": "Eple, Kanel & Rosin-te",
    "subtitle": "25 stk",
    "category": { "sub": "Urte-te og frukt-te", "parent": "Varme drikker" },
    "price": { "price": 55.8, "unitPrice": 2.23, "unit": "stk", "qty": 25.02 }
  },
  {
    "title": "Lemon, Ginger & Manuka Honey Tea",
    "subtitle": "20 stk",
    "category": { "sub": "Urte-te og frukt-te", "parent": "Varme drikker" },
    "price": { "price": 59.8, "unitPrice": 2.99, "unit": "stk", "qty": 20 }
  },
  {
    "title": "Peppermint & Licorice Tea",
    "subtitle": "20 stk",
    "category": { "sub": "Urte-te og frukt-te", "parent": "Varme drikker" },
    "price": { "price": 59.8, "unitPrice": 2.99, "unit": "stk", "qty": 20 }
  },
  {
    "title": "Ginger & Lime-te",
    "subtitle": "Infuso, 20 stk",
    "category": { "sub": "Urte-te og frukt-te", "parent": "Varme drikker" },
    "price": { "price": 69, "unitPrice": 3.45, "unit": "stk", "qty": 20 }
  },
  {
    "title": "Taste Collection Frukt-Te",
    "subtitle": "40 poser, 40 stk",
    "category": { "sub": "Urte-te og frukt-te", "parent": "Varme drikker" },
    "price": { "price": 57.8, "unitPrice": 1.45, "unit": "stk", "qty": 39.86 }
  },
  {
    "title": "Peach Mango Tea Pyramide",
    "subtitle": "20 poser, 20 stk",
    "category": { "sub": "Urte-te og frukt-te", "parent": "Varme drikker" },
    "price": { "price": 34.7, "unitPrice": 1.74, "unit": "stk", "qty": 19.94 }
  },
  {
    "title": "Urtete Sweet Dreams",
    "subtitle": "20 stk",
    "category": { "sub": "Urte-te og frukt-te", "parent": "Varme drikker" },
    "price": { "price": 44.9, "unitPrice": 2.25, "unit": "stk", "qty": 19.96 }
  },
  {
    "title": "Yogi Tea Ginger Lemon",
    "subtitle": "Økologisk, 17 stk",
    "category": { "sub": "Urte-te og frukt-te", "parent": "Varme drikker" },
    "price": { "price": 61.3, "unitPrice": 3.61, "unit": "stk", "qty": 16.98 }
  },
  {
    "title": "Yogi Tea Turmeric Chai",
    "subtitle": "Økologisk, 17 stk",
    "category": { "sub": "Urte-te og frukt-te", "parent": "Varme drikker" },
    "price": { "price": 61.3, "unitPrice": 3.61, "unit": "stk", "qty": 16.98 }
  },
  {
    "title": "Yogi Tea Detox",
    "subtitle": "Økologisk, 17 stk",
    "category": { "sub": "Urte-te og frukt-te", "parent": "Varme drikker" },
    "price": { "price": 61.3, "unitPrice": 3.61, "unit": "stk", "qty": 16.98 }
  },
  {
    "title": "Yogi Tea Turmeric Orange",
    "subtitle": "Økologisk, 17 stk",
    "category": { "sub": "Urte-te og frukt-te", "parent": "Varme drikker" },
    "price": { "price": 60.1, "unitPrice": 3.54, "unit": "stk", "qty": 16.98 }
  },
  {
    "title": "Yogi Tea Green Balance",
    "subtitle": "Økologisk, 17 stk",
    "category": { "sub": "Urte-te og frukt-te", "parent": "Varme drikker" },
    "price": { "price": 60.1, "unitPrice": 3.54, "unit": "stk", "qty": 16.98 }
  },
  {
    "title": "Yogi Tea Bedtime",
    "subtitle": "Økologisk, 17 stk",
    "category": { "sub": "Urte-te og frukt-te", "parent": "Varme drikker" },
    "price": { "price": 61.3, "unitPrice": 3.61, "unit": "stk", "qty": 16.98 }
  },
  {
    "title": "Yogi Tea Matcha Lemon",
    "subtitle": "Økologisk, 17 stk",
    "category": { "sub": "Urte-te og frukt-te", "parent": "Varme drikker" },
    "price": { "price": 61.3, "unitPrice": 3.61, "unit": "stk", "qty": 16.98 }
  },
  {
    "title": "Turmeric Active",
    "subtitle": "20 stk",
    "category": { "sub": "Urte-te og frukt-te", "parent": "Varme drikker" },
    "price": { "price": 59.8, "unitPrice": 2.99, "unit": "stk", "qty": 20 }
  },
  {
    "title": "Relax",
    "subtitle": "20 stk",
    "category": { "sub": "Urte-te og frukt-te", "parent": "Varme drikker" },
    "price": { "price": 65.2, "unitPrice": 3.26, "unit": "stk", "qty": 20 }
  },
  {
    "title": "Green Collection",
    "subtitle": "20 stk",
    "category": { "sub": "Urte-te og frukt-te", "parent": "Varme drikker" },
    "price": { "price": 59.8, "unitPrice": 2.99, "unit": "stk", "qty": 20 }
  },
  {
    "title": "Wild Apple & Cinnamon",
    "subtitle": "20 stk",
    "category": { "sub": "Urte-te og frukt-te", "parent": "Varme drikker" },
    "price": { "price": 65.3, "unitPrice": 3.27, "unit": "stk", "qty": 19.97 }
  },
  {
    "title": "Blackcurrant Beauty",
    "subtitle": "20 stk",
    "category": { "sub": "Urte-te og frukt-te", "parent": "Varme drikker" },
    "price": { "price": 59.8, "unitPrice": 2.99, "unit": "stk", "qty": 20 }
  },
  {
    "title": "Original Chai",
    "subtitle": "20 stk",
    "category": { "sub": "Urte-te og frukt-te", "parent": "Varme drikker" },
    "price": { "price": 59.8, "unitPrice": 2.99, "unit": "stk", "qty": 20 }
  },
  {
    "title": "Herbal Collection",
    "subtitle": "20 stk",
    "category": { "sub": "Urte-te og frukt-te", "parent": "Varme drikker" },
    "price": { "price": 59.8, "unitPrice": 2.99, "unit": "stk", "qty": 20 }
  },
  {
    "title": "Elderberry & Echinacea Tea",
    "subtitle": "20 stk",
    "category": { "sub": "Urte-te og frukt-te", "parent": "Varme drikker" },
    "price": { "price": 59.8, "unitPrice": 2.99, "unit": "stk", "qty": 20 }
  },
  {
    "title": "Feel New",
    "subtitle": "20 stk",
    "category": { "sub": "Urte-te og frukt-te", "parent": "Varme drikker" },
    "price": { "price": 59.8, "unitPrice": 2.99, "unit": "stk", "qty": 20 }
  },
  {
    "title": "Day to Night Collection box",
    "subtitle": "20 stk",
    "category": { "sub": "Urte-te og frukt-te", "parent": "Varme drikker" },
    "price": { "price": 65.3, "unitPrice": 3.27, "unit": "stk", "qty": 19.97 }
  },
  {
    "title": "Night Time Tea",
    "subtitle": "20 stk",
    "category": { "sub": "Urte-te og frukt-te", "parent": "Varme drikker" },
    "price": { "price": 59.8, "unitPrice": 2.99, "unit": "stk", "qty": 20 }
  },
  {
    "title": "Love Rose Tea",
    "subtitle": "Chamomile & Lavender Tea, 20 stk",
    "category": { "sub": "Urte-te og frukt-te", "parent": "Varme drikker" },
    "price": { "price": 66.7, "unitPrice": 3.34, "unit": "stk", "qty": 19.97 }
  },
  {
    "title": "Nypete Urtete",
    "subtitle": "24 stk",
    "category": { "sub": "Urte-te og frukt-te", "parent": "Varme drikker" },
    "price": { "price": 41.9, "unitPrice": 1.75, "unit": "stk", "qty": 23.94 }
  },
  {
    "title": "Ginger Chai",
    "subtitle": "Infuso, 20 stk",
    "category": { "sub": "Urte-te og frukt-te", "parent": "Varme drikker" },
    "price": { "price": 75.4, "unitPrice": 3.77, "unit": "stk", "qty": 20 }
  },
  {
    "title": "Blackcurrant & Blueberry",
    "subtitle": "Infuso, 20 stk",
    "category": { "sub": "Urte-te og frukt-te", "parent": "Varme drikker" },
    "price": { "price": 67.8, "unitPrice": 3.39, "unit": "stk", "qty": 20 }
  },
  {
    "title": "Ginger, Mango & Moringa",
    "subtitle": "Infuso, 20 stk",
    "category": { "sub": "Urte-te og frukt-te", "parent": "Varme drikker" },
    "price": { "price": 67.8, "unitPrice": 3.39, "unit": "stk", "qty": 20 }
  },
  {
    "title": "Lemon & Ginger",
    "subtitle": "Infuso, 20 stk",
    "category": { "sub": "Urte-te og frukt-te", "parent": "Varme drikker" },
    "price": { "price": 69.9, "unitPrice": 3.5, "unit": "stk", "qty": 19.97 }
  },
  {
    "title": "Raspberry & Pomegranat-te",
    "subtitle": "Infuso, 20 stk",
    "category": { "sub": "Urte-te og frukt-te", "parent": "Varme drikker" },
    "price": { "price": 66.8, "unitPrice": 3.34, "unit": "stk", "qty": 20 }
  },
  {
    "title": "Strawberry & Mango-te",
    "subtitle": "Infuso, 20 stk",
    "category": { "sub": "Urte-te og frukt-te", "parent": "Varme drikker" },
    "price": { "price": 74.4, "unitPrice": 3.72, "unit": "stk", "qty": 20 }
  },
  {
    "title": "Kamille, Honning & Vanilje-te",
    "subtitle": "Infuso, 20 stk",
    "category": { "sub": "Urte-te og frukt-te", "parent": "Varme drikker" },
    "price": { "price": 69, "unitPrice": 3.45, "unit": "stk", "qty": 20 }
  },
  {
    "title": "Infuso Collection",
    "subtitle": "20 stk",
    "category": { "sub": "Urte-te og frukt-te", "parent": "Varme drikker" },
    "price": { "price": 86.9, "unitPrice": 4.35, "unit": "stk", "qty": 19.98 }
  },
  {
    "title": "Grønn te Pasjonsfrukt & Jasmin",
    "subtitle": "25 stk",
    "category": { "sub": "Urte-te og frukt-te", "parent": "Varme drikker" },
    "price": { "price": 67, "unitPrice": 2.68, "unit": "stk", "qty": 25 }
  },
  {
    "title": "Grønn te Mint",
    "subtitle": "25 stk",
    "category": { "sub": "Urte-te og frukt-te", "parent": "Varme drikker" },
    "price": { "price": 67, "unitPrice": 2.68, "unit": "stk", "qty": 25 }
  },
  {
    "title": "Ananas & Mango Te",
    "subtitle": "25 stk",
    "category": { "sub": "Urte-te og frukt-te", "parent": "Varme drikker" },
    "price": { "price": 67, "unitPrice": 2.68, "unit": "stk", "qty": 25 }
  },
  {
    "title": "Grønn te Sitron",
    "subtitle": "25 stk",
    "category": { "sub": "Urte-te og frukt-te", "parent": "Varme drikker" },
    "price": { "price": 67, "unitPrice": 2.68, "unit": "stk", "qty": 25 }
  },
  {
    "title": "Rose Te",
    "subtitle": "25 stk",
    "category": { "sub": "Urte-te og frukt-te", "parent": "Varme drikker" },
    "price": { "price": 65.7, "unitPrice": 2.63, "unit": "stk", "qty": 24.98 }
  },
  {
    "title": "Love Te",
    "subtitle": "25 stk",
    "category": { "sub": "Urte-te og frukt-te", "parent": "Varme drikker" },
    "price": { "price": 65.7, "unitPrice": 2.63, "unit": "stk", "qty": 24.98 }
  },
  {
    "title": "Four Red Fruits Tea",
    "subtitle": "25 poser, 25 stk",
    "category": { "sub": "Urte-te og frukt-te", "parent": "Varme drikker" },
    "price": { "price": 49.3, "unitPrice": 1.97, "unit": "stk", "qty": 25.03 }
  },
  {
    "title": "Sitron Te",
    "subtitle": "25 stk",
    "category": { "sub": "Urte-te og frukt-te", "parent": "Varme drikker" },
    "price": { "price": 57.8, "unitPrice": 2.31, "unit": "stk", "qty": 25.02 }
  },
  {
    "title": "Solbærte",
    "subtitle": "25 stk",
    "category": { "sub": "Urte-te og frukt-te", "parent": "Varme drikker" },
    "price": { "price": 61.4, "unitPrice": 2.46, "unit": "stk", "qty": 24.96 }
  },
  {
    "title": "Te Green Tea",
    "subtitle": "Økologisk, 26 stk",
    "category": { "sub": "Urte-te og frukt-te", "parent": "Varme drikker" },
    "price": { "price": 45, "unitPrice": 1.73, "unit": "stk", "qty": 26.01 }
  },
  {
    "title": "Te Snore & Peace",
    "subtitle": "20 stk",
    "category": { "sub": "Urte-te og frukt-te", "parent": "Varme drikker" },
    "price": { "price": 45, "unitPrice": 2.25, "unit": "stk", "qty": 20 }
  },
  {
    "title": "Kamille-te",
    "subtitle": "20 stk",
    "category": { "sub": "Urte-te og frukt-te", "parent": "Varme drikker" },
    "price": { "price": 45, "unitPrice": 2.25, "unit": "stk", "qty": 20 }
  },
  {
    "title": "Te Lime & Ginger Green",
    "subtitle": "Økologisk, 20 stk",
    "category": { "sub": "Urte-te og frukt-te", "parent": "Varme drikker" },
    "price": { "price": 47, "unitPrice": 2.35, "unit": "stk", "qty": 20 }
  },
  {
    "title": "Te Lemon & Ginger",
    "subtitle": "Økologisk, 20 stk",
    "category": { "sub": "Urte-te og frukt-te", "parent": "Varme drikker" },
    "price": { "price": 45, "unitPrice": 2.25, "unit": "stk", "qty": 20 }
  },
  {
    "title": "Te Happy Mondays",
    "subtitle": "Økologisk, 20 stk",
    "category": { "sub": "Urte-te og frukt-te", "parent": "Varme drikker" },
    "price": { "price": 45, "unitPrice": 2.25, "unit": "stk", "qty": 20 }
  },
  {
    "title": "Te Love Me Truly Chai",
    "subtitle": "Økologisk, 20 stk",
    "category": { "sub": "Urte-te og frukt-te", "parent": "Varme drikker" },
    "price": { "price": 45, "unitPrice": 2.25, "unit": "stk", "qty": 20 }
  },
  {
    "title": "Te Wild Berry",
    "subtitle": "20 stk",
    "category": { "sub": "Urte-te og frukt-te", "parent": "Varme drikker" },
    "price": { "price": 45, "unitPrice": 2.25, "unit": "stk", "qty": 20 }
  },
  {
    "title": "Ricola Urtete",
    "subtitle": "200 g",
    "category": { "sub": "Urte-te og frukt-te", "parent": "Varme drikker" },
    "price": { "price": 61.1, "unitPrice": 305.5, "unit": "kg", "qty": 0.2 }
  },
  {
    "title": "Solbærtoddy",
    "subtitle": "10pk, 320 g",
    "category": { "sub": "Urte-te og frukt-te", "parent": "Varme drikker" },
    "price": { "price": 52.8, "unitPrice": 165, "unit": "kg", "qty": 0.32 }
  },
  {
    "title": "Sjokoladedrikk Boks",
    "subtitle": "450 g",
    "category": {
      "sub": "Kakao og sjokoladepulver",
      "parent": "Varme drikker"
    },
    "price": { "price": 68.8, "unitPrice": 152.89, "unit": "kg", "qty": 0.45 }
  },
  {
    "title": "Sjokoladedrikk",
    "subtitle": "10 porsjonspakker, 320 g",
    "category": {
      "sub": "Kakao og sjokoladepulver",
      "parent": "Varme drikker"
    },
    "price": { "price": 29.7, "unitPrice": 92.81, "unit": "kg", "qty": 0.32 }
  },
  {
    "title": "O'boy Original",
    "subtitle": "Refill, 1,1 kg",
    "category": {
      "sub": "Kakao og sjokoladepulver",
      "parent": "Varme drikker"
    },
    "price": { "price": 53, "unitPrice": 48.18, "unit": "kg", "qty": 1.1 }
  },
  {
    "title": "O'boy Original",
    "subtitle": "450 g",
    "category": {
      "sub": "Kakao og sjokoladepulver",
      "parent": "Varme drikker"
    },
    "price": { "price": 25.4, "unitPrice": 56.44, "unit": "kg", "qty": 0.45 }
  },
  {
    "title": "O'boy Mindre Sukker",
    "subtitle": "500 g",
    "category": {
      "sub": "Kakao og sjokoladepulver",
      "parent": "Varme drikker"
    },
    "price": { "price": 41.4, "unitPrice": 82.8, "unit": "kg", "qty": 0.5 }
  },
  {
    "title": "Nesquik Refill",
    "subtitle": "800 g",
    "category": {
      "sub": "Kakao og sjokoladepulver",
      "parent": "Varme drikker"
    },
    "price": { "price": 49.8, "unitPrice": 62.25, "unit": "kg", "qty": 0.8 }
  },
  {
    "title": "Regia Kakao 2 x 1kg",
    "subtitle": "2 kg",
    "category": {
      "sub": "Kakao og sjokoladepulver",
      "parent": "Varme drikker"
    },
    "price": { "price": 255, "unitPrice": 127.5, "unit": "kg", "qty": 2 }
  },
  {
    "title": "Regia Kakao",
    "subtitle": "Original, 260 g",
    "category": {
      "sub": "Kakao og sjokoladepulver",
      "parent": "Varme drikker"
    },
    "price": { "price": 31.2, "unitPrice": 120, "unit": "kg", "qty": 0.26 }
  },
  {
    "title": "Regia Lett Kakao",
    "subtitle": "10 stk",
    "category": {
      "sub": "Kakao og sjokoladepulver",
      "parent": "Varme drikker"
    },
    "price": { "price": 51, "unitPrice": 5.1, "unit": "stk", "qty": 10 }
  },
  {
    "title": "Sjokoladedrikk, Rett i Koppen",
    "subtitle": "10 poser, 10 stk",
    "category": {
      "sub": "Kakao og sjokoladepulver",
      "parent": "Varme drikker"
    },
    "price": { "price": 37.6, "unitPrice": 3.76, "unit": "stk", "qty": 10 }
  },
  {
    "title": "Sjokoladepulver",
    "subtitle": "800 g",
    "category": {
      "sub": "Kakao og sjokoladepulver",
      "parent": "Varme drikker"
    },
    "price": { "price": 29.1, "unitPrice": 36.38, "unit": "kg", "qty": 0.8 }
  },
  {
    "title": "Kakao",
    "subtitle": "250 g",
    "category": {
      "sub": "Kakao og sjokoladepulver",
      "parent": "Varme drikker"
    },
    "price": { "price": 25, "unitPrice": 100, "unit": "kg", "qty": 0.25 }
  },
  {
    "title": "Solbærtoddy",
    "subtitle": "10pk, 320 g",
    "category": {
      "sub": "Kakao og sjokoladepulver",
      "parent": "Varme drikker"
    },
    "price": { "price": 52.8, "unitPrice": 165, "unit": "kg", "qty": 0.32 }
  },
  {
    "title": "Sjokoladedrikk",
    "subtitle": "Belgisk Sjokolade, 220 g",
    "category": {
      "sub": "Kakao og sjokoladepulver",
      "parent": "Varme drikker"
    },
    "price": { "price": 61.2, "unitPrice": 278.18, "unit": "kg", "qty": 0.22 }
  },
  {
    "title": "Leonardi Balsamicoeddik",
    "subtitle": "8 år, 250 ml",
    "category": { "sub": "Oljer og eddik", "parent": "Olje og krydder" },
    "price": { "price": 261.3, "unitPrice": 1045.2, "unit": "l", "qty": 0.25 }
  },
  {
    "title": "Hellstrøm Ekstra Virgin Olivenolje",
    "subtitle": "0,5 l",
    "category": { "sub": "Oljer og eddik", "parent": "Olje og krydder" },
    "price": { "price": 118.9, "unitPrice": 237.8, "unit": "l", "qty": 0.5 }
  },
  {
    "title": "Olivenolje Extra Virgin",
    "subtitle": "0,5 l",
    "category": { "sub": "Oljer og eddik", "parent": "Olje og krydder" },
    "price": { "price": 43.7, "unitPrice": 87.4, "unit": "l", "qty": 0.5 }
  },
  {
    "title": "Olivenolje Extra Virgin",
    "subtitle": "Økologisk, 0,5 l",
    "category": { "sub": "Oljer og eddik", "parent": "Olje og krydder" },
    "price": { "price": 100.2, "unitPrice": 200.4, "unit": "l", "qty": 0.5 }
  },
  {
    "title": "Olivenolje Extra Virgin",
    "subtitle": "Økologisk, 0,5 l",
    "category": { "sub": "Oljer og eddik", "parent": "Olje og krydder" },
    "price": { "price": 66.7, "unitPrice": 133.4, "unit": "l", "qty": 0.5 }
  },
  {
    "title": "Kalamata Olivenolje Extra Virgin",
    "subtitle": "500 ml",
    "category": { "sub": "Oljer og eddik", "parent": "Olje og krydder" },
    "price": { "price": 118.9, "unitPrice": 237.8, "unit": "l", "qty": 0.5 }
  },
  {
    "title": "Extra Virgin Olivenolje",
    "subtitle": "Økologisk, 0,5 l",
    "category": { "sub": "Oljer og eddik", "parent": "Olje og krydder" },
    "price": { "price": 103.8, "unitPrice": 207.6, "unit": "l", "qty": 0.5 }
  },
  {
    "title": "Olivenolje",
    "subtitle": "2 l",
    "category": { "sub": "Oljer og eddik", "parent": "Olje og krydder" },
    "price": { "price": 189.2, "unitPrice": 94.6, "unit": "l", "qty": 2 }
  },
  {
    "title": "Olivenolje",
    "subtitle": "1 l",
    "category": { "sub": "Oljer og eddik", "parent": "Olje og krydder" },
    "price": { "price": 89.9, "unitPrice": 89.9, "unit": "l", "qty": 1 }
  },
  {
    "title": "Select Extra Virgin Olive Oil",
    "subtitle": "500 ml",
    "category": { "sub": "Oljer og eddik", "parent": "Olje og krydder" },
    "price": { "price": 122.4, "unitPrice": 244.8, "unit": "l", "qty": 0.5 }
  },
  {
    "title": "Region Sitia Extra Virgin Olive Oil",
    "subtitle": "500 ml",
    "category": { "sub": "Oljer og eddik", "parent": "Olje og krydder" },
    "price": { "price": 130.9, "unitPrice": 261.8, "unit": "l", "qty": 0.5 }
  },
  {
    "title": "Fresh Extra Virgin Olivenolje",
    "subtitle": "250 ml",
    "category": { "sub": "Oljer og eddik", "parent": "Olje og krydder" },
    "price": { "price": 108.4, "unitPrice": 433.6, "unit": "l", "qty": 0.25 }
  },
  {
    "title": "Extra Vergine di Oliva",
    "subtitle": "Sicilia IGP, 250 ml",
    "category": { "sub": "Oljer og eddik", "parent": "Olje og krydder" },
    "price": { "price": 83.4, "unitPrice": 333.6, "unit": "l", "qty": 0.25 }
  },
  {
    "title": "Olivenolje",
    "subtitle": "1 l",
    "category": { "sub": "Oljer og eddik", "parent": "Olje og krydder" },
    "price": { "price": 38.8, "unitPrice": 38.8, "unit": "l", "qty": 1 }
  },
  {
    "title": "Oleaurum Olivenolje",
    "subtitle": "0,5 l",
    "category": { "sub": "Oljer og eddik", "parent": "Olje og krydder" },
    "price": { "price": 96.1, "unitPrice": 192.2, "unit": "l", "qty": 0.5 }
  },
  {
    "title": "Olivenolje til Pizza",
    "subtitle": "Spicy, 250 ml",
    "category": { "sub": "Oljer og eddik", "parent": "Olje og krydder" },
    "price": { "price": 109.3, "unitPrice": 437.2, "unit": "l", "qty": 0.25 }
  },
  {
    "title": "Extra Virgin Olive Oil",
    "subtitle": "250 ml",
    "category": { "sub": "Oljer og eddik", "parent": "Olje og krydder" },
    "price": { "price": 108.4, "unitPrice": 433.6, "unit": "l", "qty": 0.25 }
  },
  {
    "title": "Classico Extra Vergine di Oliva",
    "subtitle": "450 ml",
    "category": { "sub": "Oljer og eddik", "parent": "Olje og krydder" },
    "price": { "price": 77.9, "unitPrice": 173.11, "unit": "l", "qty": 0.45 }
  },
  {
    "title": "Olivenolje",
    "subtitle": "Hvit Trøffel, 250 ml",
    "category": { "sub": "Oljer og eddik", "parent": "Olje og krydder" },
    "price": { "price": 109.3, "unitPrice": 437.2, "unit": "l", "qty": 0.25 }
  },
  {
    "title": "Region Sparta Extra Virgin Olive Oil",
    "subtitle": "500 ml",
    "category": { "sub": "Oljer og eddik", "parent": "Olje og krydder" },
    "price": { "price": 110.3, "unitPrice": 220.6, "unit": "l", "qty": 0.5 }
  },
  {
    "title": "Olivenolje Spansk Extra Virgin",
    "subtitle": "Økologisk, kaldpresset, 0,5 l",
    "category": { "sub": "Oljer og eddik", "parent": "Olje og krydder" },
    "price": { "price": 103.2, "unitPrice": 206.4, "unit": "l", "qty": 0.5 }
  },
  {
    "title": "Olivenolje",
    "subtitle": "Sitron, 250 ml",
    "category": { "sub": "Oljer og eddik", "parent": "Olje og krydder" },
    "price": { "price": 108.9, "unitPrice": 435.6, "unit": "l", "qty": 0.25 }
  },
  {
    "title": "Olivenolje",
    "subtitle": "Hvitløk & Chili, 250 ml",
    "category": { "sub": "Oljer og eddik", "parent": "Olje og krydder" },
    "price": { "price": 109.3, "unitPrice": 437.2, "unit": "l", "qty": 0.25 }
  },
  {
    "title": "Olivenolje",
    "subtitle": "Basilikum, 250 ml",
    "category": { "sub": "Oljer og eddik", "parent": "Olje og krydder" },
    "price": { "price": 109.3, "unitPrice": 437.2, "unit": "l", "qty": 0.25 }
  },
  {
    "title": "Raps- og Olivenolje",
    "subtitle": "750 ml",
    "category": { "sub": "Oljer og eddik", "parent": "Olje og krydder" },
    "price": { "price": 79.8, "unitPrice": 106.4, "unit": "l", "qty": 0.75 }
  },
  {
    "title": "Rapsolje",
    "subtitle": "Baking, 450 ml",
    "category": { "sub": "Oljer og eddik", "parent": "Olje og krydder" },
    "price": { "price": 74.8, "unitPrice": 166.22, "unit": "l", "qty": 0.45 }
  },
  {
    "title": "Rapsolje",
    "subtitle": "Steking, 450 ml",
    "category": { "sub": "Oljer og eddik", "parent": "Olje og krydder" },
    "price": { "price": 64.7, "unitPrice": 143.78, "unit": "l", "qty": 0.45 }
  },
  {
    "title": "Rapsolje Chili",
    "subtitle": "450 ml",
    "category": { "sub": "Oljer og eddik", "parent": "Olje og krydder" },
    "price": { "price": 96.7, "unitPrice": 214.89, "unit": "l", "qty": 0.45 }
  },
  {
    "title": "Kokosolje Smaksnøytral",
    "subtitle": "Økologisk, 200 g",
    "category": { "sub": "Oljer og eddik", "parent": "Olje og krydder" },
    "price": { "price": 73.8, "unitPrice": 369, "unit": "kg", "qty": 0.2 }
  },
  {
    "title": "Linfrøolje",
    "subtitle": "Økologisk, 250 ml",
    "category": { "sub": "Oljer og eddik", "parent": "Olje og krydder" },
    "price": { "price": 71.4, "unitPrice": 285.6, "unit": "l", "qty": 0.25 }
  },
  {
    "title": "Avocadoolje",
    "subtitle": "250 ml",
    "category": { "sub": "Oljer og eddik", "parent": "Olje og krydder" },
    "price": { "price": 122.4, "unitPrice": 489.6, "unit": "l", "qty": 0.25 }
  },
  {
    "title": "Hasselnøttolje",
    "subtitle": "250 ml",
    "category": { "sub": "Oljer og eddik", "parent": "Olje og krydder" },
    "price": { "price": 86.3, "unitPrice": 345.2, "unit": "l", "qty": 0.25 }
  },
  {
    "title": "Optimal Olje",
    "subtitle": "495 ml",
    "category": { "sub": "Oljer og eddik", "parent": "Olje og krydder" },
    "price": { "price": 39.9, "unitPrice": 80.61, "unit": "l", "qty": 0.49 }
  },
  {
    "title": "Rapsolje",
    "subtitle": "1 l",
    "category": { "sub": "Oljer og eddik", "parent": "Olje og krydder" },
    "price": { "price": 21.5, "unitPrice": 21.5, "unit": "l", "qty": 1 }
  },
  {
    "title": "Solsikkeolje",
    "subtitle": "1 l",
    "category": { "sub": "Oljer og eddik", "parent": "Olje og krydder" },
    "price": { "price": 22.5, "unitPrice": 22.5, "unit": "l", "qty": 1 }
  },
  {
    "title": "Soyaolje",
    "subtitle": "1 l",
    "category": { "sub": "Oljer og eddik", "parent": "Olje og krydder" },
    "price": { "price": 29.9, "unitPrice": 29.9, "unit": "l", "qty": 1 }
  },
  {
    "title": "Frityrolje",
    "subtitle": "2 l",
    "category": { "sub": "Oljer og eddik", "parent": "Olje og krydder" },
    "price": { "price": 50.6, "unitPrice": 25.3, "unit": "l", "qty": 2 }
  },
  {
    "title": "Emilio Aceto Balsamicoeddik",
    "subtitle": "250 ml",
    "category": { "sub": "Oljer og eddik", "parent": "Olje og krydder" },
    "price": { "price": 155.8, "unitPrice": 623.2, "unit": "l", "qty": 0.25 }
  },
  {
    "title": "Balsamico Vineddik",
    "subtitle": "0,25 l",
    "category": { "sub": "Oljer og eddik", "parent": "Olje og krydder" },
    "price": { "price": 41.1, "unitPrice": 164.4, "unit": "l", "qty": 0.25 }
  },
  {
    "title": "Balsamico Cream",
    "subtitle": "250 ml",
    "category": { "sub": "Oljer og eddik", "parent": "Olje og krydder" },
    "price": { "price": 73.4, "unitPrice": 293.6, "unit": "l", "qty": 0.25 }
  },
  {
    "title": "Hvitvinseddik",
    "subtitle": "250 ml",
    "category": { "sub": "Oljer og eddik", "parent": "Olje og krydder" },
    "price": { "price": 56.8, "unitPrice": 227.2, "unit": "l", "qty": 0.25 }
  },
  {
    "title": "Bringebæreddik",
    "subtitle": "250 ml",
    "category": { "sub": "Oljer og eddik", "parent": "Olje og krydder" },
    "price": { "price": 81.9, "unitPrice": 327.6, "unit": "l", "qty": 0.25 }
  },
  {
    "title": "Eplecidereddik",
    "subtitle": "250 ml",
    "category": { "sub": "Oljer og eddik", "parent": "Olje og krydder" },
    "price": { "price": 70.4, "unitPrice": 281.6, "unit": "l", "qty": 0.25 }
  },
  {
    "title": "Rødvinseddik",
    "subtitle": "250 ml",
    "category": { "sub": "Oljer og eddik", "parent": "Olje og krydder" },
    "price": { "price": 63.4, "unitPrice": 253.6, "unit": "l", "qty": 0.25 }
  },
  {
    "title": "Sherryeddik",
    "subtitle": "250 ml",
    "category": { "sub": "Oljer og eddik", "parent": "Olje og krydder" },
    "price": { "price": 81.9, "unitPrice": 327.6, "unit": "l", "qty": 0.25 }
  },
  {
    "title": "Estragoneddik",
    "subtitle": "250 ml",
    "category": { "sub": "Oljer og eddik", "parent": "Olje og krydder" },
    "price": { "price": 54.4, "unitPrice": 217.6, "unit": "l", "qty": 0.25 }
  },
  {
    "title": "Riseddik",
    "subtitle": "150 ml",
    "category": { "sub": "Oljer og eddik", "parent": "Olje og krydder" },
    "price": { "price": 47.4, "unitPrice": 316, "unit": "l", "qty": 0.15 }
  },
  {
    "title": "Eddikessens",
    "subtitle": "35% Klar, 500 ml",
    "category": { "sub": "Oljer og eddik", "parent": "Olje og krydder" },
    "price": { "price": 43.1, "unitPrice": 86.2, "unit": "l", "qty": 0.5 }
  },
  {
    "title": "Eddik",
    "subtitle": "7% Klar, 0,6 l",
    "category": { "sub": "Oljer og eddik", "parent": "Olje og krydder" },
    "price": { "price": 24.6, "unitPrice": 41, "unit": "l", "qty": 0.6 }
  },
  {
    "title": "Eddik",
    "subtitle": "7% Brun, 0,6 l",
    "category": { "sub": "Oljer og eddik", "parent": "Olje og krydder" },
    "price": { "price": 25.1, "unitPrice": 41.83, "unit": "l", "qty": 0.6 }
  },
  {
    "title": "Eplecider Eddik",
    "subtitle": "473 ml",
    "category": { "sub": "Oljer og eddik", "parent": "Olje og krydder" },
    "price": { "price": 65.8, "unitPrice": 139.11, "unit": "l", "qty": 0.47 }
  },
  {
    "title": "Fish Sauce",
    "subtitle": "150 ml",
    "category": { "sub": "Oljer og eddik", "parent": "Olje og krydder" },
    "price": { "price": 34.4, "unitPrice": 229.33, "unit": "l", "qty": 0.15 }
  },
  {
    "title": "Sesamolje",
    "subtitle": "150 ml",
    "category": { "sub": "Oljer og eddik", "parent": "Olje og krydder" },
    "price": { "price": 69.8, "unitPrice": 465.33, "unit": "l", "qty": 0.15 }
  },
  {
    "title": "Saitaku riseddik",
    "subtitle": "150 ml",
    "category": { "sub": "Oljer og eddik", "parent": "Olje og krydder" },
    "price": { "price": 33.8, "unitPrice": 225.33, "unit": "l", "qty": 0.15 }
  },
  {
    "title": "Realemon Sitronsaft",
    "subtitle": "250 ml",
    "category": { "sub": "Oljer og eddik", "parent": "Olje og krydder" },
    "price": { "price": 32.8, "unitPrice": 131.2, "unit": "l", "qty": 0.25 }
  },
  {
    "title": "Sitronjuice",
    "subtitle": "200 ml",
    "category": { "sub": "Oljer og eddik", "parent": "Olje og krydder" },
    "price": { "price": 11.8, "unitPrice": 59, "unit": "l", "qty": 0.2 }
  },
  {
    "title": "Sitronsaft",
    "subtitle": "Usukret, 115 ml",
    "category": { "sub": "Oljer og eddik", "parent": "Olje og krydder" },
    "price": { "price": 19.8, "unitPrice": 172.17, "unit": "l", "qty": 0.12 }
  },
  {
    "title": "Rapsolje Naturell",
    "subtitle": "0,45 l",
    "category": { "sub": "Oljer og eddik", "parent": "Olje og krydder" },
    "price": { "price": 87, "unitPrice": 193.33, "unit": "l", "qty": 0.45 }
  },
  {
    "title": "Fransk Dressing",
    "subtitle": "265 g",
    "category": { "sub": "Dressing", "parent": "Olje og krydder" },
    "price": { "price": 52.1, "unitPrice": 196.6, "unit": "kg", "qty": 0.27 }
  },
  {
    "title": "Cæsar Dressing",
    "subtitle": "350 ml",
    "category": { "sub": "Dressing", "parent": "Olje og krydder" },
    "price": { "price": 69.8, "unitPrice": 199.43, "unit": "l", "qty": 0.35 }
  },
  {
    "title": "Selskapsdressing",
    "subtitle": "400 g",
    "category": { "sub": "Dressing", "parent": "Olje og krydder" },
    "price": { "price": 23.8, "unitPrice": 59.5, "unit": "kg", "qty": 0.4 }
  },
  {
    "title": "Bjerke Dressing",
    "subtitle": "450 g",
    "category": { "sub": "Dressing", "parent": "Olje og krydder" },
    "price": { "price": 37.8, "unitPrice": 84, "unit": "kg", "qty": 0.45 }
  },
  {
    "title": "Dressingmix Gresk",
    "subtitle": "30 g",
    "category": { "sub": "Dressing", "parent": "Olje og krydder" },
    "price": { "price": 13.8, "unitPrice": 460, "unit": "kg", "qty": 0.03 }
  },
  {
    "title": "Thousand Island Maks 3% Fett",
    "subtitle": "465 g",
    "category": { "sub": "Dressing", "parent": "Olje og krydder" },
    "price": { "price": 31.7, "unitPrice": 68.17, "unit": "kg", "qty": 0.47 }
  },
  {
    "title": "Blue Cheese Dressing",
    "subtitle": "267 ml",
    "category": { "sub": "Dressing", "parent": "Olje og krydder" },
    "price": { "price": 48.9, "unitPrice": 183.15, "unit": "l", "qty": 0.27 }
  },
  {
    "title": "Creamy Caesar Dressing",
    "subtitle": "267 g",
    "category": { "sub": "Dressing", "parent": "Olje og krydder" },
    "price": { "price": 56.9, "unitPrice": 213.11, "unit": "kg", "qty": 0.27 }
  },
  {
    "title": "Pizzadressing",
    "subtitle": "380 g",
    "category": { "sub": "Dressing", "parent": "Olje og krydder" },
    "price": { "price": 24.2, "unitPrice": 63.68, "unit": "kg", "qty": 0.38 }
  },
  {
    "title": "Hamburgerdressing",
    "subtitle": "400 g",
    "category": { "sub": "Dressing", "parent": "Olje og krydder" },
    "price": { "price": 23.8, "unitPrice": 59.5, "unit": "kg", "qty": 0.4 }
  },
  {
    "title": "Hvitløksdressing",
    "subtitle": "380 g",
    "category": { "sub": "Dressing", "parent": "Olje og krydder" },
    "price": { "price": 26.9, "unitPrice": 70.79, "unit": "kg", "qty": 0.38 }
  },
  {
    "title": "Majones",
    "subtitle": "375 g",
    "category": { "sub": "Dressing", "parent": "Olje og krydder" },
    "price": { "price": 17, "unitPrice": 45.33, "unit": "kg", "qty": 0.38 }
  },
  {
    "title": "Majones, Lett",
    "subtitle": "375 g",
    "category": { "sub": "Dressing", "parent": "Olje og krydder" },
    "price": { "price": 16.6, "unitPrice": 44.27, "unit": "kg", "qty": 0.37 }
  },
  {
    "title": "Rømmedressing",
    "subtitle": "470 ml",
    "category": { "sub": "Dressing", "parent": "Olje og krydder" },
    "price": { "price": 28.8, "unitPrice": 61.28, "unit": "l", "qty": 0.47 }
  },
  {
    "title": "Saus Ravigotte",
    "subtitle": "285 g",
    "category": { "sub": "Dressing", "parent": "Olje og krydder" },
    "price": { "price": 29.8, "unitPrice": 104.56, "unit": "kg", "qty": 0.29 }
  },
  {
    "title": "Thousand Island",
    "subtitle": "450 g",
    "category": { "sub": "Dressing", "parent": "Olje og krydder" },
    "price": { "price": 25, "unitPrice": 55.56, "unit": "kg", "qty": 0.45 }
  },
  {
    "title": "Pizza og Kebabdressing",
    "subtitle": "Spicy, 450 g",
    "category": { "sub": "Dressing", "parent": "Olje og krydder" },
    "price": { "price": 39.8, "unitPrice": 88.44, "unit": "kg", "qty": 0.45 }
  },
  {
    "title": "Rømmedressing Med Hvitløk",
    "subtitle": "450 g",
    "category": { "sub": "Dressing", "parent": "Olje og krydder" },
    "price": { "price": 34.8, "unitPrice": 77.33, "unit": "kg", "qty": 0.45 }
  },
  {
    "title": "Hamburgerdressing",
    "subtitle": "450 g",
    "category": { "sub": "Dressing", "parent": "Olje og krydder" },
    "price": { "price": 17.1, "unitPrice": 38, "unit": "kg", "qty": 0.45 }
  },
  {
    "title": "Peppes Originale Rømmedressing",
    "subtitle": "130 g",
    "category": { "sub": "Dressing", "parent": "Olje og krydder" },
    "price": { "price": 25.8, "unitPrice": 198.46, "unit": "kg", "qty": 0.13 }
  },
  {
    "title": "Worcestershire Sauce",
    "subtitle": "150 ml",
    "category": { "sub": "Dressing", "parent": "Olje og krydder" },
    "price": { "price": 31.8, "unitPrice": 212, "unit": "l", "qty": 0.15 }
  },
  {
    "title": "Hamburgerdressing",
    "subtitle": "300 g",
    "category": { "sub": "Dressing", "parent": "Olje og krydder" },
    "price": { "price": 29.8, "unitPrice": 99.33, "unit": "kg", "qty": 0.3 }
  },
  {
    "title": "Hvitløksdressing",
    "subtitle": "300 g",
    "category": { "sub": "Dressing", "parent": "Olje og krydder" },
    "price": { "price": 29.5, "unitPrice": 98.33, "unit": "kg", "qty": 0.3 }
  },
  {
    "title": "Garlic Sauce",
    "subtitle": "220 g",
    "category": { "sub": "Dressing", "parent": "Olje og krydder" },
    "price": { "price": 39.4, "unitPrice": 179.09, "unit": "kg", "qty": 0.22 }
  },
  {
    "title": "Peppes Pizzadressing",
    "subtitle": "Med Rømme & Gressløk, 210 g",
    "category": { "sub": "Dressing", "parent": "Olje og krydder" },
    "price": { "price": 30.7, "unitPrice": 146.19, "unit": "kg", "qty": 0.21 }
  },
  {
    "title": "Hickory Barbecue Sauce",
    "subtitle": "510 g",
    "category": { "sub": "Dressing", "parent": "Olje og krydder" },
    "price": { "price": 59.9, "unitPrice": 117.45, "unit": "kg", "qty": 0.51 }
  },
  {
    "title": "Pepper Sort Malt",
    "subtitle": "69 g",
    "category": { "sub": "Krydder", "parent": "Olje og krydder" },
    "price": { "price": 43.5, "unitPrice": 630.43, "unit": "kg", "qty": 0.07 }
  },
  {
    "title": "Einebær",
    "subtitle": "41 g",
    "category": { "sub": "Krydder", "parent": "Olje og krydder" },
    "price": { "price": 42, "unitPrice": 1024.39, "unit": "kg", "qty": 0.04 }
  },
  {
    "title": "Hel Sort Pepper",
    "subtitle": "65 g",
    "category": { "sub": "Krydder", "parent": "Olje og krydder" },
    "price": { "price": 33.5, "unitPrice": 515.38, "unit": "kg", "qty": 0.07 }
  },
  {
    "title": "Paprika",
    "subtitle": "Malt, 60 g",
    "category": { "sub": "Krydder", "parent": "Olje og krydder" },
    "price": { "price": 37.2, "unitPrice": 620, "unit": "kg", "qty": 0.06 }
  },
  {
    "title": "Estragon",
    "subtitle": "20 g",
    "category": { "sub": "Krydder", "parent": "Olje og krydder" },
    "price": { "price": 57.8, "unitPrice": 2890, "unit": "kg", "qty": 0.02 }
  },
  {
    "title": "Rosmarin",
    "subtitle": "Tørket, 42 g",
    "category": { "sub": "Krydder", "parent": "Olje og krydder" },
    "price": { "price": 50.5, "unitPrice": 1202.38, "unit": "kg", "qty": 0.04 }
  },
  {
    "title": "Maldonsalt",
    "subtitle": "125 g",
    "category": { "sub": "Krydder", "parent": "Olje og krydder" },
    "price": { "price": 32.8, "unitPrice": 262.4, "unit": "kg", "qty": 0.13 }
  },
  {
    "title": "Maldon Salt Røkt",
    "subtitle": "125 g",
    "category": { "sub": "Krydder", "parent": "Olje og krydder" },
    "price": { "price": 57.8, "unitPrice": 462.4, "unit": "kg", "qty": 0.13 }
  },
  {
    "title": "Havsaltflak",
    "subtitle": "Med Kvern, 55 g",
    "category": { "sub": "Krydder", "parent": "Olje og krydder" },
    "price": { "price": 51.8, "unitPrice": 941.82, "unit": "kg", "qty": 0.05 }
  },
  {
    "title": "Rock salt",
    "subtitle": "Med kvern, 140 g",
    "category": { "sub": "Krydder", "parent": "Olje og krydder" },
    "price": { "price": 54.8, "unitPrice": 391.43, "unit": "kg", "qty": 0.14 }
  },
  {
    "title": "Havsalt",
    "subtitle": "Med Kvern, 150 g",
    "category": { "sub": "Krydder", "parent": "Olje og krydder" },
    "price": { "price": 52.7, "unitPrice": 351.33, "unit": "kg", "qty": 0.15 }
  },
  {
    "title": "Seltin Original",
    "subtitle": "250 g",
    "category": { "sub": "Krydder", "parent": "Olje og krydder" },
    "price": { "price": 36.6, "unitPrice": 146.4, "unit": "kg", "qty": 0.25 }
  },
  {
    "title": "Seltin",
    "subtitle": "Original, 550 g",
    "category": { "sub": "Krydder", "parent": "Olje og krydder" },
    "price": { "price": 31, "unitPrice": 56.36, "unit": "kg", "qty": 0.55 }
  },
  {
    "title": "Kvernsalt",
    "subtitle": "0,5 kg",
    "category": { "sub": "Krydder", "parent": "Olje og krydder" },
    "price": { "price": 12.8, "unitPrice": 25.6, "unit": "kg", "qty": 0.5 }
  },
  {
    "title": "Jozo Fint Salt",
    "subtitle": "Uten Jod, 1 kg",
    "category": { "sub": "Krydder", "parent": "Olje og krydder" },
    "price": { "price": 8.6, "unitPrice": 8.6, "unit": "kg", "qty": 1 }
  },
  {
    "title": "Jozo Fint Salt",
    "subtitle": "Med Jod, 1 kg",
    "category": { "sub": "Krydder", "parent": "Olje og krydder" },
    "price": { "price": 8.6, "unitPrice": 8.6, "unit": "kg", "qty": 1 }
  },
  {
    "title": "Seafood & Fish Premium",
    "subtitle": "Med kvern, 90 g",
    "category": { "sub": "Krydder", "parent": "Olje og krydder" },
    "price": { "price": 57.2, "unitPrice": 635.56, "unit": "kg", "qty": 0.09 }
  },
  {
    "title": "Chicken & Steak",
    "subtitle": "Med kvern, 75 g",
    "category": { "sub": "Krydder", "parent": "Olje og krydder" },
    "price": { "price": 62.4, "unitPrice": 832, "unit": "kg", "qty": 0.07 }
  },
  {
    "title": "Chili Explosion",
    "subtitle": "Med kvern, 70 g",
    "category": { "sub": "Krydder", "parent": "Olje og krydder" },
    "price": { "price": 54.8, "unitPrice": 782.86, "unit": "kg", "qty": 0.07 }
  },
  {
    "title": "Pasta Rossa",
    "subtitle": "Hvitløk, Tomat, Pepper & Salt, 80 g",
    "category": { "sub": "Krydder", "parent": "Olje og krydder" },
    "price": { "price": 64.4, "unitPrice": 805, "unit": "kg", "qty": 0.08 }
  },
  {
    "title": "Tellicherry pepper",
    "subtitle": "Med kvern, 70 g",
    "category": { "sub": "Krydder", "parent": "Olje og krydder" },
    "price": { "price": 58.7, "unitPrice": 838.57, "unit": "kg", "qty": 0.07 }
  },
  {
    "title": "Basilikum",
    "subtitle": "23 g",
    "category": { "sub": "Krydder", "parent": "Olje og krydder" },
    "price": { "price": 52.6, "unitPrice": 2286.96, "unit": "kg", "qty": 0.02 }
  },
  {
    "title": "Chilikrydder",
    "subtitle": "75 g",
    "category": { "sub": "Krydder", "parent": "Olje og krydder" },
    "price": { "price": 47.7, "unitPrice": 636, "unit": "kg", "qty": 0.08 }
  },
  {
    "title": "Dill Tørket",
    "subtitle": "32 g",
    "category": { "sub": "Krydder", "parent": "Olje og krydder" },
    "price": { "price": 52.7, "unitPrice": 1646.88, "unit": "kg", "qty": 0.03 }
  },
  {
    "title": "Gressløk",
    "subtitle": "5 g",
    "category": { "sub": "Krydder", "parent": "Olje og krydder" },
    "price": { "price": 34, "unitPrice": 6800, "unit": "kg", "qty": 0.01 }
  },
  {
    "title": "Grillkrydder",
    "subtitle": "120 g",
    "category": { "sub": "Krydder", "parent": "Olje og krydder" },
    "price": { "price": 42.9, "unitPrice": 357.5, "unit": "kg", "qty": 0.12 }
  },
  {
    "title": "Gurkemeie",
    "subtitle": "70 g",
    "category": { "sub": "Krydder", "parent": "Olje og krydder" },
    "price": { "price": 43.3, "unitPrice": 618.57, "unit": "kg", "qty": 0.07 }
  },
  {
    "title": "Garam Masala",
    "subtitle": "55 g",
    "category": { "sub": "Krydder", "parent": "Olje og krydder" },
    "price": { "price": 25.1, "unitPrice": 456.36, "unit": "kg", "qty": 0.06 }
  },
  {
    "title": "Hvitløkpulver",
    "subtitle": "87 g",
    "category": { "sub": "Krydder", "parent": "Olje og krydder" },
    "price": { "price": 36.5, "unitPrice": 419.54, "unit": "kg", "qty": 0.09 }
  },
  {
    "title": "Kanel Malt",
    "subtitle": "67 g",
    "category": { "sub": "Krydder", "parent": "Olje og krydder" },
    "price": { "price": 24.2, "unitPrice": 361.19, "unit": "kg", "qty": 0.07 }
  },
  {
    "title": "Karri",
    "subtitle": "65 g",
    "category": { "sub": "Krydder", "parent": "Olje og krydder" },
    "price": { "price": 48.4, "unitPrice": 744.62, "unit": "kg", "qty": 0.06 }
  },
  {
    "title": "Kardemomme",
    "subtitle": "46 g",
    "category": { "sub": "Krydder", "parent": "Olje og krydder" },
    "price": { "price": 45.6, "unitPrice": 991.3, "unit": "kg", "qty": 0.05 }
  },
  {
    "title": "Kajennepepper",
    "subtitle": "Tørr, 62 g",
    "category": { "sub": "Krydder", "parent": "Olje og krydder" },
    "price": { "price": 40.5, "unitPrice": 653.23, "unit": "kg", "qty": 0.06 }
  },
  {
    "title": "Kyllingkrydder",
    "subtitle": "101 g",
    "category": { "sub": "Krydder", "parent": "Olje og krydder" },
    "price": { "price": 31.9, "unitPrice": 315.84, "unit": "kg", "qty": 0.1 }
  },
  {
    "title": "Løkpulver",
    "subtitle": "86 g",
    "category": { "sub": "Krydder", "parent": "Olje og krydder" },
    "price": { "price": 34.6, "unitPrice": 402.33, "unit": "kg", "qty": 0.09 }
  },
  {
    "title": "Oregano",
    "subtitle": "10 g",
    "category": { "sub": "Krydder", "parent": "Olje og krydder" },
    "price": { "price": 25.4, "unitPrice": 2540, "unit": "kg", "qty": 0.01 }
  },
  {
    "title": "Sort Pepper Hel",
    "subtitle": "Med Kvern, 65 g",
    "category": { "sub": "Krydder", "parent": "Olje og krydder" },
    "price": { "price": 60.5, "unitPrice": 930.77, "unit": "kg", "qty": 0.06 }
  },
  {
    "title": "Pizzakrydder",
    "subtitle": "25 g",
    "category": { "sub": "Krydder", "parent": "Olje og krydder" },
    "price": { "price": 40.9, "unitPrice": 1636, "unit": "kg", "qty": 0.02 }
  },
  {
    "title": "Sitronpepper",
    "subtitle": "95 g",
    "category": { "sub": "Krydder", "parent": "Olje og krydder" },
    "price": { "price": 40.9, "unitPrice": 430.53, "unit": "kg", "qty": 0.09 }
  },
  {
    "title": "Persille Tørket",
    "subtitle": "15 g",
    "category": { "sub": "Krydder", "parent": "Olje og krydder" },
    "price": { "price": 47.2, "unitPrice": 3146.67, "unit": "kg", "qty": 0.01 }
  },
  {
    "title": "Provencekrydder",
    "subtitle": "21 g",
    "category": { "sub": "Krydder", "parent": "Olje og krydder" },
    "price": { "price": 48.4, "unitPrice": 2304.76, "unit": "kg", "qty": 0.02 }
  },
  {
    "title": "Pepper Sort",
    "subtitle": "Grovmalt, 68 g",
    "category": { "sub": "Krydder", "parent": "Olje og krydder" },
    "price": { "price": 23.7, "unitPrice": 348.53, "unit": "kg", "qty": 0.07 }
  },
  {
    "title": "Piffikrydder",
    "subtitle": "135 g",
    "category": { "sub": "Krydder", "parent": "Olje og krydder" },
    "price": { "price": 35.1, "unitPrice": 260, "unit": "kg", "qty": 0.14 }
  },
  {
    "title": "Peppermix",
    "subtitle": "65 g",
    "category": { "sub": "Krydder", "parent": "Olje og krydder" },
    "price": { "price": 33.4, "unitPrice": 513.85, "unit": "kg", "qty": 0.06 }
  },
  {
    "title": "Hvitløkpepper",
    "subtitle": "Hel, 82 g",
    "category": { "sub": "Krydder", "parent": "Olje og krydder" },
    "price": { "price": 33.4, "unitPrice": 407.32, "unit": "kg", "qty": 0.08 }
  },
  {
    "title": "Spisskummen",
    "subtitle": "Malt, 62 g",
    "category": { "sub": "Krydder", "parent": "Olje og krydder" },
    "price": { "price": 35.6, "unitPrice": 574.19, "unit": "kg", "qty": 0.06 }
  },
  {
    "title": "Hvitløksalt",
    "subtitle": "150 g",
    "category": { "sub": "Krydder", "parent": "Olje og krydder" },
    "price": { "price": 25.3, "unitPrice": 168.67, "unit": "kg", "qty": 0.15 }
  },
  {
    "title": "Tandoori Masala",
    "subtitle": "100 g",
    "category": { "sub": "Krydder", "parent": "Olje og krydder" },
    "price": { "price": 48.6, "unitPrice": 486, "unit": "kg", "qty": 0.1 }
  },
  {
    "title": "Valmuefrø Blå",
    "subtitle": "83 g",
    "category": { "sub": "Krydder", "parent": "Olje og krydder" },
    "price": { "price": 44.1, "unitPrice": 531.33, "unit": "kg", "qty": 0.08 }
  },
  {
    "title": "Allehånde",
    "subtitle": "Malt, 13 g",
    "category": { "sub": "Krydder", "parent": "Olje og krydder" },
    "price": { "price": 18.2, "unitPrice": 1400, "unit": "kg", "qty": 0.01 }
  },
  {
    "title": "Ingefær",
    "subtitle": "Malt, 15 g",
    "category": { "sub": "Krydder", "parent": "Olje og krydder" },
    "price": { "price": 12.2, "unitPrice": 813.33, "unit": "kg", "qty": 0.02 }
  },
  {
    "title": "Korianderfrø Malt",
    "subtitle": "20 g",
    "category": { "sub": "Krydder", "parent": "Olje og krydder" },
    "price": { "price": 24.3, "unitPrice": 1215, "unit": "kg", "qty": 0.02 }
  },
  {
    "title": "Kanel",
    "subtitle": "Malt, 17 g",
    "category": { "sub": "Krydder", "parent": "Olje og krydder" },
    "price": { "price": 11.7, "unitPrice": 688.24, "unit": "kg", "qty": 0.02 }
  },
  {
    "title": "Kanel",
    "subtitle": "Hel, 10 g",
    "category": { "sub": "Krydder", "parent": "Olje og krydder" },
    "price": { "price": 12.2, "unitPrice": 1220, "unit": "kg", "qty": 0.01 }
  },
  {
    "title": "Kardemomme",
    "subtitle": "Malt, 13 g",
    "category": { "sub": "Krydder", "parent": "Olje og krydder" },
    "price": { "price": 16.6, "unitPrice": 1276.92, "unit": "kg", "qty": 0.01 }
  },
  {
    "title": "Karve",
    "subtitle": "20 g",
    "category": { "sub": "Krydder", "parent": "Olje og krydder" },
    "price": { "price": 15.3, "unitPrice": 765, "unit": "kg", "qty": 0.02 }
  },
  {
    "title": "Laurbærblad",
    "subtitle": "Hel, 2 g",
    "category": { "sub": "Krydder", "parent": "Olje og krydder" },
    "price": { "price": 12.8, "unitPrice": 6400, "unit": "kg", "qty": 0 }
  },
  {
    "title": "Muskatnøtt",
    "subtitle": "Malt, 10 g",
    "category": { "sub": "Krydder", "parent": "Olje og krydder" },
    "price": { "price": 12.4, "unitPrice": 1240, "unit": "kg", "qty": 0.01 }
  },
  {
    "title": "Muskatnøtt",
    "subtitle": "Hel, 12 g",
    "category": { "sub": "Krydder", "parent": "Olje og krydder" },
    "price": { "price": 16.2, "unitPrice": 1350, "unit": "kg", "qty": 0.01 }
  },
  {
    "title": "Nellik Malt",
    "subtitle": "10 g",
    "category": { "sub": "Krydder", "parent": "Olje og krydder" },
    "price": { "price": 10.7, "unitPrice": 1070, "unit": "kg", "qty": 0.01 }
  },
  {
    "title": "Hel Sort Pepper",
    "subtitle": "21 g",
    "category": { "sub": "Krydder", "parent": "Olje og krydder" },
    "price": { "price": 12.7, "unitPrice": 604.76, "unit": "kg", "qty": 0.02 }
  },
  {
    "title": "Sort Pepper Malt",
    "subtitle": "13 g",
    "category": { "sub": "Krydder", "parent": "Olje og krydder" },
    "price": { "price": 11.4, "unitPrice": 876.92, "unit": "kg", "qty": 0.01 }
  },
  {
    "title": "Hvit Pepper",
    "subtitle": "Malt, 13 g",
    "category": { "sub": "Krydder", "parent": "Olje og krydder" },
    "price": { "price": 13.2, "unitPrice": 1015.38, "unit": "kg", "qty": 0.01 }
  },
  {
    "title": "Timian Hel",
    "subtitle": "6 g",
    "category": { "sub": "Krydder", "parent": "Olje og krydder" },
    "price": { "price": 14.2, "unitPrice": 2366.67, "unit": "kg", "qty": 0.01 }
  },
  {
    "title": "Vaniljestang",
    "subtitle": "3 g",
    "category": { "sub": "Krydder", "parent": "Olje og krydder" },
    "price": { "price": 48.6, "unitPrice": 16200, "unit": "kg", "qty": 0 }
  },
  {
    "title": "Kapers",
    "subtitle": "100 g",
    "category": { "sub": "Krydder", "parent": "Olje og krydder" },
    "price": { "price": 29.4, "unitPrice": 294, "unit": "kg", "qty": 0.1 }
  },
  {
    "title": "Paradiso Kapers",
    "subtitle": "Non Pareilles, 100 g",
    "category": { "sub": "Krydder", "parent": "Olje og krydder" },
    "price": { "price": 32.6, "unitPrice": 326, "unit": "kg", "qty": 0.1 }
  },
  {
    "title": "Pommes Frites Krydder",
    "subtitle": "130 g",
    "category": { "sub": "Krydder", "parent": "Olje og krydder" },
    "price": { "price": 35.8, "unitPrice": 275.38, "unit": "kg", "qty": 0.13 }
  },
  {
    "title": "Aromat Krydder",
    "subtitle": "90 g",
    "category": { "sub": "Krydder", "parent": "Olje og krydder" },
    "price": { "price": 22.8, "unitPrice": 253.33, "unit": "kg", "qty": 0.09 }
  },
  {
    "title": "Wasabi Paste",
    "subtitle": "43 g",
    "category": { "sub": "Krydder", "parent": "Olje og krydder" },
    "price": { "price": 56.8, "unitPrice": 1320.93, "unit": "kg", "qty": 0.04 }
  },
  {
    "title": "Grillkrydder",
    "subtitle": "300 g",
    "category": { "sub": "Krydder", "parent": "Olje og krydder" },
    "price": { "price": 37.6, "unitPrice": 125.33, "unit": "kg", "qty": 0.3 }
  },
  {
    "title": "Anis",
    "subtitle": "Hel, 17 g",
    "category": { "sub": "Krydder", "parent": "Olje og krydder" },
    "price": { "price": 11.7, "unitPrice": 688.24, "unit": "kg", "qty": 0.02 }
  },
  {
    "title": "Tomatketchup",
    "subtitle": "1 kg",
    "category": { "sub": "Ketchup og sennep", "parent": "Olje og krydder" },
    "price": { "price": 53.2, "unitPrice": 53.2, "unit": "kg", "qty": 1 }
  },
  {
    "title": "Tomatketchup Økologisk",
    "subtitle": "530 g",
    "category": { "sub": "Ketchup og sennep", "parent": "Olje og krydder" },
    "price": { "price": 33.4, "unitPrice": 63.02, "unit": "kg", "qty": 0.53 }
  },
  {
    "title": "Ketsjup",
    "subtitle": "300 g",
    "category": { "sub": "Ketchup og sennep", "parent": "Olje og krydder" },
    "price": { "price": 52.2, "unitPrice": 174, "unit": "kg", "qty": 0.3 }
  },
  {
    "title": "Ketchup",
    "subtitle": "Prima, 1 kg",
    "category": { "sub": "Ketchup og sennep", "parent": "Olje og krydder" },
    "price": { "price": 9.9, "unitPrice": 9.9, "unit": "kg", "qty": 1 }
  },
  {
    "title": "Chili sauce",
    "subtitle": "340 g",
    "category": { "sub": "Ketchup og sennep", "parent": "Olje og krydder" },
    "price": { "price": 33.4, "unitPrice": 98.24, "unit": "kg", "qty": 0.34 }
  },
  {
    "title": "Tomatketchup",
    "subtitle": "Økologisk, 580 g",
    "category": { "sub": "Ketchup og sennep", "parent": "Olje og krydder" },
    "price": { "price": 49.4, "unitPrice": 85.17, "unit": "kg", "qty": 0.58 }
  },
  {
    "title": "Tomatketchup",
    "subtitle": "Uten tilsatt sukker, 510 g",
    "category": { "sub": "Ketchup og sennep", "parent": "Olje og krydder" },
    "price": { "price": 13.9, "unitPrice": 27.25, "unit": "kg", "qty": 0.51 }
  },
  {
    "title": "Tomatketchup",
    "subtitle": "530 g",
    "category": { "sub": "Ketchup og sennep", "parent": "Olje og krydder" },
    "price": { "price": 16, "unitPrice": 30.19, "unit": "kg", "qty": 0.53 }
  },
  {
    "title": "Bergbys sennep",
    "subtitle": "510 g",
    "category": { "sub": "Ketchup og sennep", "parent": "Olje og krydder" },
    "price": { "price": 21.4, "unitPrice": 41.96, "unit": "kg", "qty": 0.51 }
  },
  {
    "title": "Pølsesennep",
    "subtitle": "490 g",
    "category": { "sub": "Ketchup og sennep", "parent": "Olje og krydder" },
    "price": { "price": 16.9, "unitPrice": 34.49, "unit": "kg", "qty": 0.49 }
  },
  {
    "title": "Bodsennep",
    "subtitle": "490 g",
    "category": { "sub": "Ketchup og sennep", "parent": "Olje og krydder" },
    "price": { "price": 24.6, "unitPrice": 50.2, "unit": "kg", "qty": 0.49 }
  },
  {
    "title": "Dijon Sennep",
    "subtitle": "380 g",
    "category": { "sub": "Ketchup og sennep", "parent": "Olje og krydder" },
    "price": { "price": 27.5, "unitPrice": 72.37, "unit": "kg", "qty": 0.38 }
  },
  {
    "title": "Whole Grain Sennep",
    "subtitle": "210 g",
    "category": { "sub": "Ketchup og sennep", "parent": "Olje og krydder" },
    "price": { "price": 49.8, "unitPrice": 237.14, "unit": "kg", "qty": 0.21 }
  },
  {
    "title": "Honey Dijon Sennep",
    "subtitle": "230 g",
    "category": { "sub": "Ketchup og sennep", "parent": "Olje og krydder" },
    "price": { "price": 46.8, "unitPrice": 203.48, "unit": "kg", "qty": 0.23 }
  },
  {
    "title": "Grov Sennep",
    "subtitle": "275 g",
    "category": { "sub": "Ketchup og sennep", "parent": "Olje og krydder" },
    "price": { "price": 28.8, "unitPrice": 104.73, "unit": "kg", "qty": 0.27 }
  },
  {
    "title": "Gyllensten Sterk Sennep",
    "subtitle": "450 g",
    "category": { "sub": "Ketchup og sennep", "parent": "Olje og krydder" },
    "price": { "price": 58.9, "unitPrice": 130.89, "unit": "kg", "qty": 0.45 }
  },
  {
    "title": "Classic Yellow Mustard",
    "subtitle": "397 g",
    "category": { "sub": "Ketchup og sennep", "parent": "Olje og krydder" },
    "price": { "price": 55.8, "unitPrice": 140.55, "unit": "kg", "qty": 0.4 }
  },
  {
    "title": "Tomatketchup",
    "subtitle": "450 g",
    "category": { "sub": "Ketchup og sennep", "parent": "Olje og krydder" },
    "price": { "price": 25.4, "unitPrice": 56.44, "unit": "kg", "qty": 0.45 }
  },
  {
    "title": "Ketchup uten sukker og salt",
    "subtitle": "425 g",
    "category": { "sub": "Ketchup og sennep", "parent": "Olje og krydder" },
    "price": { "price": 29.9, "unitPrice": 70.35, "unit": "kg", "qty": 0.43 }
  },
  {
    "title": "HP Sauce",
    "subtitle": "Original, 255 ml",
    "category": { "sub": "Ketchup og sennep", "parent": "Olje og krydder" },
    "price": { "price": 42.8, "unitPrice": 167.84, "unit": "l", "qty": 0.26 }
  },
  {
    "title": "Sennepssaus",
    "subtitle": "200 g",
    "category": { "sub": "Ketchup og sennep", "parent": "Olje og krydder" },
    "price": { "price": 37.1, "unitPrice": 185.5, "unit": "kg", "qty": 0.2 }
  },
  {
    "title": "Fungi Soppekstrakt",
    "subtitle": "100 ml",
    "category": { "sub": "Buljong og fond", "parent": "Olje og krydder" },
    "price": { "price": 152, "unitPrice": 1520, "unit": "l", "qty": 0.1 }
  },
  {
    "title": "Puljonki Okse Demi Glace",
    "subtitle": "1 l",
    "category": { "sub": "Buljong og fond", "parent": "Olje og krydder" },
    "price": { "price": 130.2, "unitPrice": 130.2, "unit": "l", "qty": 1 }
  },
  {
    "title": "Puljonki Hønsebuljong",
    "subtitle": "1 l",
    "category": { "sub": "Buljong og fond", "parent": "Olje og krydder" },
    "price": { "price": 81.9, "unitPrice": 81.9, "unit": "l", "qty": 1 }
  },
  {
    "title": "Kyllingfond",
    "subtitle": "180 ml",
    "category": { "sub": "Buljong og fond", "parent": "Olje og krydder" },
    "price": { "price": 57.8, "unitPrice": 321.11, "unit": "l", "qty": 0.18 }
  },
  {
    "title": "Kalvefond",
    "subtitle": "180 ml",
    "category": { "sub": "Buljong og fond", "parent": "Olje og krydder" },
    "price": { "price": 57.8, "unitPrice": 321.11, "unit": "l", "qty": 0.18 }
  },
  {
    "title": "Oksefond med Rødvin",
    "subtitle": "180 ml",
    "category": { "sub": "Buljong og fond", "parent": "Olje og krydder" },
    "price": { "price": 81.9, "unitPrice": 455, "unit": "l", "qty": 0.18 }
  },
  {
    "title": "Maizena Maisstivelse",
    "subtitle": "400 g",
    "category": { "sub": "Buljong og fond", "parent": "Olje og krydder" },
    "price": { "price": 24.6, "unitPrice": 61.5, "unit": "kg", "qty": 0.4 }
  },
  {
    "title": "Grønnsaksbuljong Gjærfri",
    "subtitle": "Økologisk, 130 g",
    "category": { "sub": "Buljong og fond", "parent": "Olje og krydder" },
    "price": { "price": 44.8, "unitPrice": 344.62, "unit": "kg", "qty": 0.13 }
  },
  {
    "title": "Klar Kyllingbuljong",
    "subtitle": "Terninger, 5 l",
    "category": { "sub": "Buljong og fond", "parent": "Olje og krydder" },
    "price": { "price": 25.6, "unitPrice": 5.12, "unit": "l", "qty": 5 }
  },
  {
    "title": "Klar Grønnsakbuljong",
    "subtitle": "5 l",
    "category": { "sub": "Buljong og fond", "parent": "Olje og krydder" },
    "price": { "price": 21.8, "unitPrice": 4.36, "unit": "l", "qty": 5 }
  },
  {
    "title": "Klar kjøttbuljong",
    "subtitle": "Terninger, 8 l",
    "category": { "sub": "Buljong og fond", "parent": "Olje og krydder" },
    "price": { "price": 36.8, "unitPrice": 4.6, "unit": "l", "qty": 8 }
  },
  {
    "title": "Klar fiskebuljong",
    "subtitle": "Terninger, 5 l",
    "category": { "sub": "Buljong og fond", "parent": "Olje og krydder" },
    "price": { "price": 27.4, "unitPrice": 5.48, "unit": "l", "qty": 5 }
  },
  {
    "title": "Hønsebuljong Terninger",
    "subtitle": "6 l",
    "category": { "sub": "Buljong og fond", "parent": "Olje og krydder" },
    "price": { "price": 19.8, "unitPrice": 3.3, "unit": "l", "qty": 6 }
  },
  {
    "title": "Kjøttbuljong",
    "subtitle": "Terninger, 6 l",
    "category": { "sub": "Buljong og fond", "parent": "Olje og krydder" },
    "price": { "price": 21.4, "unitPrice": 3.57, "unit": "l", "qty": 5.99 }
  },
  {
    "title": "Fond du Chef",
    "subtitle": "Kjøtt, 4x28g, 112 g",
    "category": { "sub": "Buljong og fond", "parent": "Olje og krydder" },
    "price": { "price": 26.8, "unitPrice": 239.29, "unit": "kg", "qty": 0.11 }
  },
  {
    "title": "Fond du Chef",
    "subtitle": "Kylling, 4x28g, 112 g",
    "category": { "sub": "Buljong og fond", "parent": "Olje og krydder" },
    "price": { "price": 28.8, "unitPrice": 257.14, "unit": "kg", "qty": 0.11 }
  },
  {
    "title": "Fond du Chef",
    "subtitle": "Grønnsak, 4x28g, 112 g",
    "category": { "sub": "Buljong og fond", "parent": "Olje og krydder" },
    "price": { "price": 27.8, "unitPrice": 248.21, "unit": "kg", "qty": 0.11 }
  },
  {
    "title": "Fond du Chef",
    "subtitle": "Fisk, 4x28g, 1 stk",
    "category": { "sub": "Buljong og fond", "parent": "Olje og krydder" },
    "price": { "price": 28.8, "unitPrice": 28.8, "unit": "stk", "qty": 1 }
  },
  {
    "title": "Buljongpulver Mørk",
    "subtitle": "Gir 7,5l ferdig buljong, 7,5 l",
    "category": { "sub": "Buljong og fond", "parent": "Olje og krydder" },
    "price": { "price": 28.4, "unitPrice": 3.79, "unit": "l", "qty": 7.49 }
  },
  {
    "title": "Buljonggele Lys",
    "subtitle": "0,5 l",
    "category": { "sub": "Buljong og fond", "parent": "Olje og krydder" },
    "price": { "price": 22.4, "unitPrice": 44.8, "unit": "l", "qty": 0.5 }
  },
  {
    "title": "Buljongpulver Lys",
    "subtitle": "Gir 7,5 l ferdig buljong, 7,5 l",
    "category": { "sub": "Buljong og fond", "parent": "Olje og krydder" },
    "price": { "price": 37.1, "unitPrice": 4.95, "unit": "l", "qty": 7.49 }
  },
  {
    "title": "Piri Piri",
    "subtitle": "Smaksrik, 100 g",
    "category": { "sub": "Buljong og fond", "parent": "Olje og krydder" },
    "price": { "price": 26.3, "unitPrice": 263, "unit": "kg", "qty": 0.1 }
  },
  {
    "title": "Sukkerkulør Flytende",
    "subtitle": "90 g",
    "category": { "sub": "Buljong og fond", "parent": "Olje og krydder" },
    "price": { "price": 15.8, "unitPrice": 175.56, "unit": "kg", "qty": 0.09 }
  },
  {
    "title": "Fibra Fullkornshvetemel",
    "subtitle": "2 kg",
    "category": { "sub": "Mel og sukker", "parent": "Mel og bakeingredienser" },
    "price": { "price": 40.8, "unitPrice": 20.4, "unit": "kg", "qty": 2 }
  },
  {
    "title": "Hvete Helkorn",
    "subtitle": "1 kg",
    "category": { "sub": "Mel og sukker", "parent": "Mel og bakeingredienser" },
    "price": { "price": 17.4, "unitPrice": 17.4, "unit": "kg", "qty": 1 }
  },
  {
    "title": "Hvetemel",
    "subtitle": "Siktet, 2 kg",
    "category": { "sub": "Mel og sukker", "parent": "Mel og bakeingredienser" },
    "price": { "price": 18.9, "unitPrice": 9.45, "unit": "kg", "qty": 2 }
  },
  {
    "title": "Hvetemel",
    "subtitle": "Siktet, 1 kg",
    "category": { "sub": "Mel og sukker", "parent": "Mel og bakeingredienser" },
    "price": { "price": 12.8, "unitPrice": 12.8, "unit": "kg", "qty": 1 }
  },
  {
    "title": "Melis",
    "subtitle": "500 g",
    "category": { "sub": "Mel og sukker", "parent": "Mel og bakeingredienser" },
    "price": { "price": 14.9, "unitPrice": 29.8, "unit": "kg", "qty": 0.5 }
  },
  {
    "title": "Sukker",
    "subtitle": "1 kg",
    "category": { "sub": "Mel og sukker", "parent": "Mel og bakeingredienser" },
    "price": { "price": 20.9, "unitPrice": 20.9, "unit": "kg", "qty": 1 }
  },
  {
    "title": "Brunt sukker",
    "subtitle": "500 g",
    "category": { "sub": "Mel og sukker", "parent": "Mel og bakeingredienser" },
    "price": { "price": 18, "unitPrice": 36, "unit": "kg", "qty": 0.5 }
  },
  {
    "title": "Perlesukker",
    "subtitle": "500 g",
    "category": { "sub": "Mel og sukker", "parent": "Mel og bakeingredienser" },
    "price": { "price": 18.4, "unitPrice": 36.8, "unit": "kg", "qty": 0.5 }
  },
  {
    "title": "Sukkerbiter, Løs Raffinade",
    "subtitle": "500 g",
    "category": { "sub": "Mel og sukker", "parent": "Mel og bakeingredienser" },
    "price": { "price": 20.3, "unitPrice": 40.6, "unit": "kg", "qty": 0.5 }
  },
  {
    "title": "Grovbakstmel",
    "subtitle": "1 kg",
    "category": { "sub": "Mel og sukker", "parent": "Mel og bakeingredienser" },
    "price": { "price": 14.1, "unitPrice": 14.1, "unit": "kg", "qty": 1 }
  },
  {
    "title": "Sammalt Rug Grovmalt",
    "subtitle": "1 kg",
    "category": { "sub": "Mel og sukker", "parent": "Mel og bakeingredienser" },
    "price": { "price": 12.2, "unitPrice": 12.2, "unit": "kg", "qty": 1 }
  },
  {
    "title": "Pizzamel",
    "subtitle": "Tipo-0, 1 kg",
    "category": { "sub": "Mel og sukker", "parent": "Mel og bakeingredienser" },
    "price": { "price": 27.8, "unitPrice": 27.8, "unit": "kg", "qty": 1 }
  },
  {
    "title": "Hvetemel",
    "subtitle": "Tipo-00, 1 kg",
    "category": { "sub": "Mel og sukker", "parent": "Mel og bakeingredienser" },
    "price": { "price": 41.9, "unitPrice": 41.9, "unit": "kg", "qty": 1 }
  },
  {
    "title": "Sammalt Hvete Grovmalt",
    "subtitle": "1 kg",
    "category": { "sub": "Mel og sukker", "parent": "Mel og bakeingredienser" },
    "price": { "price": 14.1, "unitPrice": 14.1, "unit": "kg", "qty": 1 }
  },
  {
    "title": "Rugmel Siktet",
    "subtitle": "1 kg",
    "category": { "sub": "Mel og sukker", "parent": "Mel og bakeingredienser" },
    "price": { "price": 17.4, "unitPrice": 17.4, "unit": "kg", "qty": 1 }
  },
  {
    "title": "Havremel",
    "subtitle": "1 kg",
    "category": { "sub": "Mel og sukker", "parent": "Mel og bakeingredienser" },
    "price": { "price": 33.4, "unitPrice": 33.4, "unit": "kg", "qty": 1 }
  },
  {
    "title": "Potetmel",
    "subtitle": "500 g",
    "category": { "sub": "Mel og sukker", "parent": "Mel og bakeingredienser" },
    "price": { "price": 24.8, "unitPrice": 49.6, "unit": "kg", "qty": 0.5 }
  },
  {
    "title": "Griljermel",
    "subtitle": "400 g",
    "category": { "sub": "Mel og sukker", "parent": "Mel og bakeingredienser" },
    "price": { "price": 36.4, "unitPrice": 91, "unit": "kg", "qty": 0.4 }
  },
  {
    "title": "Hvete Sammalt",
    "subtitle": "Fin, 1 kg",
    "category": { "sub": "Mel og sukker", "parent": "Mel og bakeingredienser" },
    "price": { "price": 13, "unitPrice": 13, "unit": "kg", "qty": 1 }
  },
  {
    "title": "Byggmel Siktet",
    "subtitle": "1 kg",
    "category": { "sub": "Mel og sukker", "parent": "Mel og bakeingredienser" },
    "price": { "price": 17.4, "unitPrice": 17.4, "unit": "kg", "qty": 1 }
  },
  {
    "title": "Kruskakli Hvete",
    "subtitle": "400 g",
    "category": { "sub": "Mel og sukker", "parent": "Mel og bakeingredienser" },
    "price": { "price": 14.8, "unitPrice": 37, "unit": "kg", "qty": 0.4 }
  },
  {
    "title": "Havrekli",
    "subtitle": "950 g",
    "category": { "sub": "Mel og sukker", "parent": "Mel og bakeingredienser" },
    "price": { "price": 38.8, "unitPrice": 40.84, "unit": "kg", "qty": 0.95 }
  },
  {
    "title": "Protein- og Fibermel",
    "subtitle": "1 kg",
    "category": { "sub": "Mel og sukker", "parent": "Mel og bakeingredienser" },
    "price": { "price": 27.4, "unitPrice": 27.4, "unit": "kg", "qty": 1 }
  },
  {
    "title": "Semulegryn",
    "subtitle": "550 g",
    "category": { "sub": "Mel og sukker", "parent": "Mel og bakeingredienser" },
    "price": { "price": 14.2, "unitPrice": 25.82, "unit": "kg", "qty": 0.55 }
  },
  {
    "title": "Glutenfri Melblanding",
    "subtitle": "Lys, 262 g",
    "category": { "sub": "Mel og sukker", "parent": "Mel og bakeingredienser" },
    "price": { "price": 37.8, "unitPrice": 144.27, "unit": "kg", "qty": 0.26 }
  },
  {
    "title": "Glutenfri Melblanding",
    "subtitle": "Grov, 406 g",
    "category": { "sub": "Mel og sukker", "parent": "Mel og bakeingredienser" },
    "price": { "price": 38.6, "unitPrice": 95.07, "unit": "kg", "qty": 0.41 }
  },
  {
    "title": "Maizena Jevner Brun",
    "subtitle": "250 g",
    "category": { "sub": "Mel og sukker", "parent": "Mel og bakeingredienser" },
    "price": { "price": 28.4, "unitPrice": 113.6, "unit": "kg", "qty": 0.25 }
  },
  {
    "title": "Jevner Lys",
    "subtitle": "250 g",
    "category": { "sub": "Mel og sukker", "parent": "Mel og bakeingredienser" },
    "price": { "price": 26.2, "unitPrice": 104.8, "unit": "kg", "qty": 0.25 }
  },
  {
    "title": "Maizena Maisstivelse",
    "subtitle": "400 g",
    "category": { "sub": "Mel og sukker", "parent": "Mel og bakeingredienser" },
    "price": { "price": 24.6, "unitPrice": 61.5, "unit": "kg", "qty": 0.4 }
  },
  {
    "title": "Glutenfri Brødmix",
    "subtitle": "500 g",
    "category": { "sub": "Mel og sukker", "parent": "Mel og bakeingredienser" },
    "price": { "price": 35.9, "unitPrice": 71.8, "unit": "kg", "qty": 0.5 }
  },
  {
    "title": "Glutenfri Brødmix Med Fiber",
    "subtitle": "500 g",
    "category": { "sub": "Mel og sukker", "parent": "Mel og bakeingredienser" },
    "price": { "price": 43.8, "unitPrice": 87.6, "unit": "kg", "qty": 0.5 }
  },
  {
    "title": "Natreen Strø",
    "subtitle": "70 g",
    "category": { "sub": "Mel og sukker", "parent": "Mel og bakeingredienser" },
    "price": { "price": 42.9, "unitPrice": 612.86, "unit": "kg", "qty": 0.07 }
  },
  {
    "title": "Natreen Tabletter",
    "subtitle": "500 stk",
    "category": { "sub": "Mel og sukker", "parent": "Mel og bakeingredienser" },
    "price": { "price": 29.4, "unitPrice": 0.06, "unit": "stk", "qty": 490 }
  },
  {
    "title": "Søtningsmiddel Flytende",
    "subtitle": "125 ml",
    "category": { "sub": "Mel og sukker", "parent": "Mel og bakeingredienser" },
    "price": { "price": 40.9, "unitPrice": 327.2, "unit": "l", "qty": 0.13 }
  },
  {
    "title": "Sukrin Naturlig",
    "subtitle": "Naturlig Søtstoff, 500 g",
    "category": { "sub": "Mel og sukker", "parent": "Mel og bakeingredienser" },
    "price": { "price": 86.9, "unitPrice": 173.8, "unit": "kg", "qty": 0.5 }
  },
  {
    "title": "Sukrin Melis",
    "subtitle": "Naturlig Søtstoff, 400 g",
    "category": { "sub": "Mel og sukker", "parent": "Mel og bakeingredienser" },
    "price": { "price": 73.3, "unitPrice": 183.25, "unit": "kg", "qty": 0.4 }
  },
  {
    "title": "Sukrin Gold",
    "subtitle": "Naturlig Søtstoff, 500 g",
    "category": { "sub": "Mel og sukker", "parent": "Mel og bakeingredienser" },
    "price": { "price": 87.9, "unitPrice": 175.8, "unit": "kg", "qty": 0.5 }
  },
  {
    "title": "Sirup Mørk",
    "subtitle": "500 g",
    "category": { "sub": "Mel og sukker", "parent": "Mel og bakeingredienser" },
    "price": { "price": 19.6, "unitPrice": 39.2, "unit": "kg", "qty": 0.5 }
  },
  {
    "title": "Sirup Lys",
    "subtitle": "500 g",
    "category": { "sub": "Mel og sukker", "parent": "Mel og bakeingredienser" },
    "price": { "price": 19.3, "unitPrice": 38.6, "unit": "kg", "qty": 0.5 }
  },
  {
    "title": "Maltextrakt",
    "subtitle": "450 g",
    "category": { "sub": "Mel og sukker", "parent": "Mel og bakeingredienser" },
    "price": { "price": 68.4, "unitPrice": 152, "unit": "kg", "qty": 0.45 }
  },
  {
    "title": "Lønnesirup Lys",
    "subtitle": "Økologisk, 236 ml",
    "category": { "sub": "Mel og sukker", "parent": "Mel og bakeingredienser" },
    "price": { "price": 99.8, "unitPrice": 422.88, "unit": "l", "qty": 0.24 }
  },
  {
    "title": "Lønnesirup",
    "subtitle": "Økologisk, 189 ml",
    "category": { "sub": "Mel og sukker", "parent": "Mel og bakeingredienser" },
    "price": { "price": 73.8, "unitPrice": 390.48, "unit": "l", "qty": 0.19 }
  },
  {
    "title": "Rårørsukker Lyst",
    "subtitle": "Økologisk, 1 kg",
    "category": { "sub": "Mel og sukker", "parent": "Mel og bakeingredienser" },
    "price": { "price": 94.3, "unitPrice": 94.3, "unit": "kg", "qty": 1 }
  },
  {
    "title": "Rørsukker Strø Demerara",
    "subtitle": "500 g",
    "category": { "sub": "Mel og sukker", "parent": "Mel og bakeingredienser" },
    "price": { "price": 22.5, "unitPrice": 45, "unit": "kg", "qty": 0.5 }
  },
  {
    "title": "Fiberhusk Baketilsetning",
    "subtitle": "Glutenfri, 300 g",
    "category": { "sub": "Mel og sukker", "parent": "Mel og bakeingredienser" },
    "price": { "price": 149.8, "unitPrice": 499.33, "unit": "kg", "qty": 0.3 }
  },
  {
    "title": "Fin Melblanding",
    "subtitle": "Glutenfri, 700 g",
    "category": { "sub": "Mel og sukker", "parent": "Mel og bakeingredienser" },
    "price": { "price": 43.8, "unitPrice": 62.57, "unit": "kg", "qty": 0.7 }
  },
  {
    "title": "Grov Melblanding",
    "subtitle": "Glutenfri, 700 g",
    "category": { "sub": "Mel og sukker", "parent": "Mel og bakeingredienser" },
    "price": { "price": 49.8, "unitPrice": 71.14, "unit": "kg", "qty": 0.7 }
  },
  {
    "title": "Holmen Jytte Arv Håndverksmjøl",
    "subtitle": "Glutenfri, 500 g",
    "category": { "sub": "Mel og sukker", "parent": "Mel og bakeingredienser" },
    "price": { "price": 49.4, "unitPrice": 98.8, "unit": "kg", "qty": 0.5 }
  },
  {
    "title": "Holmen Jytte Fibra Håndverksmjøl",
    "subtitle": "Glutenfri, 500 g",
    "category": { "sub": "Mel og sukker", "parent": "Mel og bakeingredienser" },
    "price": { "price": 55.3, "unitPrice": 110.6, "unit": "kg", "qty": 0.5 }
  },
  {
    "title": "Hvetemel Sammalt",
    "subtitle": "Økologisk, 1 kg",
    "category": { "sub": "Mel og sukker", "parent": "Mel og bakeingredienser" },
    "price": { "price": 18.5, "unitPrice": 18.5, "unit": "kg", "qty": 1 }
  },
  {
    "title": "Hvetemel Siktet",
    "subtitle": "Økologisk, 1 kg",
    "category": { "sub": "Mel og sukker", "parent": "Mel og bakeingredienser" },
    "price": { "price": 16.6, "unitPrice": 16.6, "unit": "kg", "qty": 1 }
  },
  {
    "title": "Kandissukker Store Biter",
    "subtitle": "500 g",
    "category": { "sub": "Mel og sukker", "parent": "Mel og bakeingredienser" },
    "price": { "price": 35.6, "unitPrice": 71.2, "unit": "kg", "qty": 0.5 }
  },
  {
    "title": "Kokossukker",
    "subtitle": "300 g",
    "category": { "sub": "Mel og sukker", "parent": "Mel og bakeingredienser" },
    "price": { "price": 61.1, "unitPrice": 203.67, "unit": "kg", "qty": 0.3 }
  },
  {
    "title": "Maismel",
    "subtitle": "1 kg",
    "category": { "sub": "Mel og sukker", "parent": "Mel og bakeingredienser" },
    "price": { "price": 81.9, "unitPrice": 81.9, "unit": "kg", "qty": 1 }
  },
  {
    "title": "Nirus Kikertemel",
    "subtitle": "500 g",
    "category": { "sub": "Mel og sukker", "parent": "Mel og bakeingredienser" },
    "price": { "price": 41.5, "unitPrice": 83, "unit": "kg", "qty": 0.5 }
  },
  {
    "title": "Panko Brødkumme",
    "subtitle": "Brødsmuler, 125 g",
    "category": { "sub": "Mel og sukker", "parent": "Mel og bakeingredienser" },
    "price": { "price": 38.8, "unitPrice": 310.4, "unit": "kg", "qty": 0.13 }
  },
  {
    "title": "Råsukkerbit",
    "subtitle": "500 g",
    "category": { "sub": "Mel og sukker", "parent": "Mel og bakeingredienser" },
    "price": { "price": 22.8, "unitPrice": 45.6, "unit": "kg", "qty": 0.5 }
  },
  {
    "title": "Søtningstabletter",
    "subtitle": "100 stk",
    "category": { "sub": "Mel og sukker", "parent": "Mel og bakeingredienser" },
    "price": { "price": 27.3, "unitPrice": 0.27, "unit": "stk", "qty": 101.11 }
  },
  {
    "title": "Søtningstabletter",
    "subtitle": "Med Stevia, 100 stk",
    "category": { "sub": "Mel og sukker", "parent": "Mel og bakeingredienser" },
    "price": { "price": 43.5, "unitPrice": 0.44, "unit": "stk", "qty": 98.86 }
  },
  {
    "title": "Speltmel Siktet",
    "subtitle": "Økologisk, 1 kg",
    "category": { "sub": "Mel og sukker", "parent": "Mel og bakeingredienser" },
    "price": { "price": 44.9, "unitPrice": 44.9, "unit": "kg", "qty": 1 }
  },
  {
    "title": "Sukker",
    "subtitle": "Økologisk, 1 kg",
    "category": { "sub": "Mel og sukker", "parent": "Mel og bakeingredienser" },
    "price": { "price": 34.9, "unitPrice": 34.9, "unit": "kg", "qty": 1 }
  },
  {
    "title": "Økologisk Emmermel Siktet",
    "subtitle": "1 kg",
    "category": { "sub": "Mel og sukker", "parent": "Mel og bakeingredienser" },
    "price": { "price": 59.9, "unitPrice": 59.9, "unit": "kg", "qty": 1 }
  },
  {
    "title": "Økologisk Siktet Landhvete",
    "subtitle": "1 kg",
    "category": { "sub": "Mel og sukker", "parent": "Mel og bakeingredienser" },
    "price": { "price": 44.9, "unitPrice": 44.9, "unit": "kg", "qty": 1 }
  },
  {
    "title": "Økologisk Speltmel Siktet",
    "subtitle": "1 kg",
    "category": { "sub": "Mel og sukker", "parent": "Mel og bakeingredienser" },
    "price": { "price": 44.8, "unitPrice": 44.8, "unit": "kg", "qty": 1 }
  },
  {
    "title": "Siktet Hvetemel",
    "subtitle": "Økologisk, 1 kg",
    "category": { "sub": "Mel og sukker", "parent": "Mel og bakeingredienser" },
    "price": { "price": 36.9, "unitPrice": 36.9, "unit": "kg", "qty": 1 }
  },
  {
    "title": "Pizzamel tipo-00",
    "subtitle": "1 kg",
    "category": { "sub": "Mel og sukker", "parent": "Mel og bakeingredienser" },
    "price": { "price": 49.8, "unitPrice": 49.8, "unit": "kg", "qty": 1 }
  },
  {
    "title": "Økologisk Perle Emmer",
    "subtitle": "500 g",
    "category": { "sub": "Mel og sukker", "parent": "Mel og bakeingredienser" },
    "price": { "price": 42.9, "unitPrice": 85.8, "unit": "kg", "qty": 0.5 }
  },
  {
    "title": "Økologisk Emmer Grovmalt",
    "subtitle": "1 kg",
    "category": { "sub": "Mel og sukker", "parent": "Mel og bakeingredienser" },
    "price": { "price": 59.9, "unitPrice": 59.9, "unit": "kg", "qty": 1 }
  },
  {
    "title": "Økologisk Spelt Grovmalt",
    "subtitle": "1 kg",
    "category": { "sub": "Mel og sukker", "parent": "Mel og bakeingredienser" },
    "price": { "price": 45.4, "unitPrice": 45.4, "unit": "kg", "qty": 1 }
  },
  {
    "title": "Caputo Pizzamel Manitoba",
    "subtitle": "1 kg",
    "category": { "sub": "Mel og sukker", "parent": "Mel og bakeingredienser" },
    "price": { "price": 34.5, "unitPrice": 34.5, "unit": "kg", "qty": 1 }
  },
  {
    "title": "Økologisk Emmer Finmalt",
    "subtitle": "1 kg",
    "category": { "sub": "Mel og sukker", "parent": "Mel og bakeingredienser" },
    "price": { "price": 46.4, "unitPrice": 46.4, "unit": "kg", "qty": 1 }
  },
  {
    "title": "Økologisk Speltmel Finmalt",
    "subtitle": "1 kg",
    "category": { "sub": "Mel og sukker", "parent": "Mel og bakeingredienser" },
    "price": { "price": 42.4, "unitPrice": 42.4, "unit": "kg", "qty": 1 }
  },
  {
    "title": "Muffins Triple Chocolate Chip",
    "subtitle": "293 g",
    "category": { "sub": "Ferdigmikser", "parent": "Mel og bakeingredienser" },
    "price": { "price": 39.9, "unitPrice": 136.18, "unit": "kg", "qty": 0.29 }
  },
  {
    "title": "Sjokoladekake",
    "subtitle": "Langpanne, 854 g",
    "category": { "sub": "Ferdigmikser", "parent": "Mel og bakeingredienser" },
    "price": { "price": 51.8, "unitPrice": 60.66, "unit": "kg", "qty": 0.85 }
  },
  {
    "title": "Kremet Sjokoladeglasur",
    "subtitle": "340 g",
    "category": { "sub": "Ferdigmikser", "parent": "Mel og bakeingredienser" },
    "price": { "price": 40.9, "unitPrice": 120.29, "unit": "kg", "qty": 0.34 }
  },
  {
    "title": "Sjokoladeglasur Langpanne",
    "subtitle": "278 g",
    "category": { "sub": "Ferdigmikser", "parent": "Mel og bakeingredienser" },
    "price": { "price": 35.8, "unitPrice": 128.78, "unit": "kg", "qty": 0.28 }
  },
  {
    "title": "Muffins Mix",
    "subtitle": "Lyse muffins, 331 g",
    "category": { "sub": "Ferdigmikser", "parent": "Mel og bakeingredienser" },
    "price": { "price": 39.4, "unitPrice": 119.03, "unit": "kg", "qty": 0.33 }
  },
  {
    "title": "Grove Vafler",
    "subtitle": "224 g",
    "category": { "sub": "Ferdigmikser", "parent": "Mel og bakeingredienser" },
    "price": { "price": 21.1, "unitPrice": 94.2, "unit": "kg", "qty": 0.22 }
  },
  {
    "title": "Vafler",
    "subtitle": "246 g",
    "category": { "sub": "Ferdigmikser", "parent": "Mel og bakeingredienser" },
    "price": { "price": 15.9, "unitPrice": 64.63, "unit": "kg", "qty": 0.25 }
  },
  {
    "title": "Muffins Mix",
    "subtitle": "Sjokolade, 335 g",
    "category": { "sub": "Ferdigmikser", "parent": "Mel og bakeingredienser" },
    "price": { "price": 39.4, "unitPrice": 117.61, "unit": "kg", "qty": 0.34 }
  },
  {
    "title": "Lapper / Sveler",
    "subtitle": "183 g",
    "category": { "sub": "Ferdigmikser", "parent": "Mel og bakeingredienser" },
    "price": { "price": 32.8, "unitPrice": 179.23, "unit": "kg", "qty": 0.18 }
  },
  {
    "title": "Grove Pannekaker",
    "subtitle": "200 g",
    "category": { "sub": "Ferdigmikser", "parent": "Mel og bakeingredienser" },
    "price": { "price": 26, "unitPrice": 130, "unit": "kg", "qty": 0.2 }
  },
  {
    "title": "Eplekake Bakemiks",
    "subtitle": "384 g",
    "category": { "sub": "Ferdigmikser", "parent": "Mel og bakeingredienser" },
    "price": { "price": 35.4, "unitPrice": 92.19, "unit": "kg", "qty": 0.38 }
  },
  {
    "title": "Marengs Pavlova",
    "subtitle": "299 g",
    "category": { "sub": "Ferdigmikser", "parent": "Mel og bakeingredienser" },
    "price": { "price": 33.8, "unitPrice": 113.04, "unit": "kg", "qty": 0.3 }
  },
  {
    "title": "Hveteboller",
    "subtitle": "600 g",
    "category": { "sub": "Ferdigmikser", "parent": "Mel og bakeingredienser" },
    "price": { "price": 39.4, "unitPrice": 65.67, "unit": "kg", "qty": 0.6 }
  },
  {
    "title": "Brownies",
    "subtitle": "552 g",
    "category": { "sub": "Ferdigmikser", "parent": "Mel og bakeingredienser" },
    "price": { "price": 31.7, "unitPrice": 57.43, "unit": "kg", "qty": 0.55 }
  },
  {
    "title": "Brownies Langpanne",
    "subtitle": "1 kg",
    "category": { "sub": "Ferdigmikser", "parent": "Mel og bakeingredienser" },
    "price": { "price": 62.8, "unitPrice": 62.8, "unit": "kg", "qty": 1 }
  },
  {
    "title": "Sjokoladekake",
    "subtitle": "1 kg",
    "category": { "sub": "Ferdigmikser", "parent": "Mel og bakeingredienser" },
    "price": { "price": 43.8, "unitPrice": 43.8, "unit": "kg", "qty": 1 }
  },
  {
    "title": "Muffins",
    "subtitle": "450 g",
    "category": { "sub": "Ferdigmikser", "parent": "Mel og bakeingredienser" },
    "price": { "price": 39.4, "unitPrice": 87.56, "unit": "kg", "qty": 0.45 }
  },
  {
    "title": "Pannekaker Familiepakning",
    "subtitle": "522 g",
    "category": { "sub": "Ferdigmikser", "parent": "Mel og bakeingredienser" },
    "price": { "price": 37.3, "unitPrice": 71.46, "unit": "kg", "qty": 0.52 }
  },
  {
    "title": "Vafler",
    "subtitle": "600 g",
    "category": { "sub": "Ferdigmikser", "parent": "Mel og bakeingredienser" },
    "price": { "price": 29.9, "unitPrice": 49.83, "unit": "kg", "qty": 0.6 }
  },
  {
    "title": "Vafler Familiepakning",
    "subtitle": "591 g",
    "category": { "sub": "Ferdigmikser", "parent": "Mel og bakeingredienser" },
    "price": { "price": 20.9, "unitPrice": 35.36, "unit": "kg", "qty": 0.59 }
  },
  {
    "title": "Boller 1-2-3",
    "subtitle": "1 kg",
    "category": { "sub": "Ferdigmikser", "parent": "Mel og bakeingredienser" },
    "price": { "price": 21.8, "unitPrice": 21.8, "unit": "kg", "qty": 1 }
  },
  {
    "title": "Kornbrød 1-2-3",
    "subtitle": "1 kg",
    "category": { "sub": "Ferdigmikser", "parent": "Mel og bakeingredienser" },
    "price": { "price": 25.8, "unitPrice": 25.8, "unit": "kg", "qty": 1 }
  },
  {
    "title": "Grovbrød Mix",
    "subtitle": "1 kg",
    "category": { "sub": "Ferdigmikser", "parent": "Mel og bakeingredienser" },
    "price": { "price": 25.8, "unitPrice": 25.8, "unit": "kg", "qty": 1 }
  },
  {
    "title": "Havrebrød 1-2-3",
    "subtitle": "1 kg",
    "category": { "sub": "Ferdigmikser", "parent": "Mel og bakeingredienser" },
    "price": { "price": 25.8, "unitPrice": 25.8, "unit": "kg", "qty": 1 }
  },
  {
    "title": "Solsikkebrød",
    "subtitle": "1 kg",
    "category": { "sub": "Ferdigmikser", "parent": "Mel og bakeingredienser" },
    "price": { "price": 25.8, "unitPrice": 25.8, "unit": "kg", "qty": 1 }
  },
  {
    "title": "Focaccia",
    "subtitle": "500 g",
    "category": { "sub": "Ferdigmikser", "parent": "Mel og bakeingredienser" },
    "price": { "price": 32.4, "unitPrice": 64.8, "unit": "kg", "qty": 0.5 }
  },
  {
    "title": "Flerkornbrød",
    "subtitle": "Økologisk, brødmiks, 1 kg",
    "category": { "sub": "Ferdigmikser", "parent": "Mel og bakeingredienser" },
    "price": { "price": 29, "unitPrice": 29, "unit": "kg", "qty": 1 }
  },
  {
    "title": "Brødmiks Kolonialbrød",
    "subtitle": "Økologisk, 1 kg",
    "category": { "sub": "Ferdigmikser", "parent": "Mel og bakeingredienser" },
    "price": { "price": 25, "unitPrice": 25, "unit": "kg", "qty": 1 }
  },
  {
    "title": "Fin Kakemiks",
    "subtitle": "Glutenfri, 346 g",
    "category": { "sub": "Ferdigmikser", "parent": "Mel og bakeingredienser" },
    "price": { "price": 33.4, "unitPrice": 96.53, "unit": "kg", "qty": 0.35 }
  },
  {
    "title": "Vafler Mix Glutenfri",
    "subtitle": "242 g",
    "category": { "sub": "Ferdigmikser", "parent": "Mel og bakeingredienser" },
    "price": { "price": 29.4, "unitPrice": 121.49, "unit": "kg", "qty": 0.24 }
  },
  {
    "title": "Havrebrød Glutenfri",
    "subtitle": "409 g",
    "category": { "sub": "Ferdigmikser", "parent": "Mel og bakeingredienser" },
    "price": { "price": 52.6, "unitPrice": 128.61, "unit": "kg", "qty": 0.41 }
  },
  {
    "title": "Paideig",
    "subtitle": "225 g",
    "category": { "sub": "Ferdigmikser", "parent": "Mel og bakeingredienser" },
    "price": { "price": 26.4, "unitPrice": 117.33, "unit": "kg", "qty": 0.23 }
  },
  {
    "title": "Butterdeigsplater",
    "subtitle": "450 g",
    "category": { "sub": "Ferdigmikser", "parent": "Mel og bakeingredienser" },
    "price": { "price": 23, "unitPrice": 51.11, "unit": "kg", "qty": 0.45 }
  },
  {
    "title": "Fiberbrød",
    "subtitle": "Glutenfri, 250 g",
    "category": { "sub": "Ferdigmikser", "parent": "Mel og bakeingredienser" },
    "price": { "price": 54.8, "unitPrice": 219.2, "unit": "kg", "qty": 0.25 }
  },
  {
    "title": "Dessert Creme Brulee",
    "subtitle": "130 g",
    "category": { "sub": "Ferdigmikser", "parent": "Mel og bakeingredienser" },
    "price": { "price": 41.8, "unitPrice": 321.54, "unit": "kg", "qty": 0.13 }
  },
  {
    "title": "Dessert Panna Cotta",
    "subtitle": "84 g",
    "category": { "sub": "Ferdigmikser", "parent": "Mel og bakeingredienser" },
    "price": { "price": 35.6, "unitPrice": 423.81, "unit": "kg", "qty": 0.08 }
  },
  {
    "title": "Toro Glasurmiks",
    "subtitle": "Til Ostekrem, 126 g",
    "category": { "sub": "Ferdigmikser", "parent": "Mel og bakeingredienser" },
    "price": { "price": 19.8, "unitPrice": 157.14, "unit": "kg", "qty": 0.13 }
  },
  {
    "title": "Toro Gulrotkake",
    "subtitle": "396 g",
    "category": { "sub": "Ferdigmikser", "parent": "Mel og bakeingredienser" },
    "price": { "price": 36.8, "unitPrice": 92.93, "unit": "kg", "qty": 0.4 }
  },
  {
    "title": "Langpanne Sjokoladekake",
    "subtitle": "1,11 kg",
    "category": { "sub": "Ferdigmikser", "parent": "Mel og bakeingredienser" },
    "price": { "price": 96.1, "unitPrice": 86.58, "unit": "kg", "qty": 1.11 }
  },
  {
    "title": "Sitronfromasj",
    "subtitle": "85 g",
    "category": { "sub": "Ferdigmikser", "parent": "Mel og bakeingredienser" },
    "price": { "price": 18.8, "unitPrice": 221.18, "unit": "kg", "qty": 0.08 }
  },
  {
    "title": "Grove Rundstykker",
    "subtitle": "Glutenfrie, 405 g",
    "category": { "sub": "Ferdigmikser", "parent": "Mel og bakeingredienser" },
    "price": { "price": 41.8, "unitPrice": 103.21, "unit": "kg", "qty": 0.4 }
  },
  {
    "title": "Pizzabunn",
    "subtitle": "Glutenfri, 0,3 kg",
    "category": { "sub": "Ferdigmikser", "parent": "Mel og bakeingredienser" },
    "price": { "price": 32.8, "unitPrice": 109.33, "unit": "kg", "qty": 0.3 }
  },
  {
    "title": "Proteinpannekake Mix",
    "subtitle": "910 g",
    "category": { "sub": "Ferdigmikser", "parent": "Mel og bakeingredienser" },
    "price": { "price": 230.8, "unitPrice": 253.63, "unit": "kg", "qty": 0.91 }
  },
  {
    "title": "Toro Brownies",
    "subtitle": "Glutenfri, 540 g",
    "category": { "sub": "Ferdigmikser", "parent": "Mel og bakeingredienser" },
    "price": { "price": 45.8, "unitPrice": 84.81, "unit": "kg", "qty": 0.54 }
  },
  {
    "title": "Toro Pannekaker",
    "subtitle": "Glutenfri, 187 g",
    "category": { "sub": "Ferdigmikser", "parent": "Mel og bakeingredienser" },
    "price": { "price": 31.8, "unitPrice": 170.05, "unit": "kg", "qty": 0.19 }
  },
  {
    "title": "Boller Glutenfri",
    "subtitle": "525 g",
    "category": { "sub": "Ferdigmikser", "parent": "Mel og bakeingredienser" },
    "price": { "price": 43.8, "unitPrice": 83.43, "unit": "kg", "qty": 0.52 }
  },
  {
    "title": "Falafelpulver",
    "subtitle": "200 g",
    "category": { "sub": "Ferdigmikser", "parent": "Mel og bakeingredienser" },
    "price": { "price": 24.4, "unitPrice": 122, "unit": "kg", "qty": 0.2 }
  },
  {
    "title": "Grovbrød med Havre",
    "subtitle": "Glutenfri, 414 g",
    "category": { "sub": "Ferdigmikser", "parent": "Mel og bakeingredienser" },
    "price": { "price": 33.8, "unitPrice": 81.64, "unit": "kg", "qty": 0.41 }
  },
  {
    "title": "Økologisk Lys Bakemiks",
    "subtitle": "Glutenfri, 600 g",
    "category": { "sub": "Ferdigmikser", "parent": "Mel og bakeingredienser" },
    "price": { "price": 58, "unitPrice": 96.67, "unit": "kg", "qty": 0.6 }
  },
  {
    "title": "Økologisk Mørk Bakemiks",
    "subtitle": "Glutenfri, 600 g",
    "category": { "sub": "Ferdigmikser", "parent": "Mel og bakeingredienser" },
    "price": { "price": 59, "unitPrice": 98.33, "unit": "kg", "qty": 0.6 }
  },
  {
    "title": "Fin Vaffelrøre i Beger",
    "subtitle": "1 l",
    "category": { "sub": "Ferdigmikser", "parent": "Mel og bakeingredienser" },
    "price": { "price": 79.9, "unitPrice": 79.9, "unit": "l", "qty": 1 }
  },
  {
    "title": "Kokesjokolade Selskap",
    "subtitle": "100 g",
    "category": { "sub": "Baketilbehør", "parent": "Mel og bakeingredienser" },
    "price": { "price": 26.9, "unitPrice": 269, "unit": "kg", "qty": 0.1 }
  },
  {
    "title": "Kokesjokolade 70%",
    "subtitle": "100 g",
    "category": { "sub": "Baketilbehør", "parent": "Mel og bakeingredienser" },
    "price": { "price": 28.4, "unitPrice": 284, "unit": "kg", "qty": 0.1 }
  },
  {
    "title": "Lys Kokesjokolade",
    "subtitle": "100 g",
    "category": { "sub": "Baketilbehør", "parent": "Mel og bakeingredienser" },
    "price": { "price": 22.7, "unitPrice": 227, "unit": "kg", "qty": 0.1 }
  },
  {
    "title": "Dronning Sjokolade",
    "subtitle": "Kokesjokolade, 100 g",
    "category": { "sub": "Baketilbehør", "parent": "Mel og bakeingredienser" },
    "price": { "price": 21.4, "unitPrice": 214, "unit": "kg", "qty": 0.1 }
  },
  {
    "title": "Kokesjokolade Dronning",
    "subtitle": "200 g",
    "category": { "sub": "Baketilbehør", "parent": "Mel og bakeingredienser" },
    "price": { "price": 38.4, "unitPrice": 192, "unit": "kg", "qty": 0.2 }
  },
  {
    "title": "Kokesjokolade Mørk",
    "subtitle": "100 g",
    "category": { "sub": "Baketilbehør", "parent": "Mel og bakeingredienser" },
    "price": { "price": 14.9, "unitPrice": 149, "unit": "kg", "qty": 0.1 }
  },
  {
    "title": "Kokesjokolade Lys",
    "subtitle": "100 g",
    "category": { "sub": "Baketilbehør", "parent": "Mel og bakeingredienser" },
    "price": { "price": 15.3, "unitPrice": 153, "unit": "kg", "qty": 0.1 }
  },
  {
    "title": "Regia Bakekakao",
    "subtitle": "250 g",
    "category": { "sub": "Baketilbehør", "parent": "Mel og bakeingredienser" },
    "price": { "price": 43.8, "unitPrice": 175.2, "unit": "kg", "qty": 0.25 }
  },
  {
    "title": "Melis",
    "subtitle": "500 g",
    "category": { "sub": "Baketilbehør", "parent": "Mel og bakeingredienser" },
    "price": { "price": 14.9, "unitPrice": 29.8, "unit": "kg", "qty": 0.5 }
  },
  {
    "title": "Tørsleffs Ekte Vaniljesukker",
    "subtitle": "100 g",
    "category": { "sub": "Baketilbehør", "parent": "Mel og bakeingredienser" },
    "price": { "price": 34.4, "unitPrice": 344, "unit": "kg", "qty": 0.1 }
  },
  {
    "title": "Vaniljesukker",
    "subtitle": "140 g",
    "category": { "sub": "Baketilbehør", "parent": "Mel og bakeingredienser" },
    "price": { "price": 31.4, "unitPrice": 224.29, "unit": "kg", "qty": 0.14 }
  },
  {
    "title": "Vaniljesukker",
    "subtitle": "175 g",
    "category": { "sub": "Baketilbehør", "parent": "Mel og bakeingredienser" },
    "price": { "price": 21.8, "unitPrice": 124.57, "unit": "kg", "qty": 0.18 }
  },
  {
    "title": "Bakepulver",
    "subtitle": "140 g",
    "category": { "sub": "Baketilbehør", "parent": "Mel og bakeingredienser" },
    "price": { "price": 25.8, "unitPrice": 184.29, "unit": "kg", "qty": 0.14 }
  },
  {
    "title": "Bakepulver",
    "subtitle": "250 g",
    "category": { "sub": "Baketilbehør", "parent": "Mel og bakeingredienser" },
    "price": { "price": 19, "unitPrice": 76, "unit": "kg", "qty": 0.25 }
  },
  {
    "title": "Bourbon Vaniljepulver",
    "subtitle": "Økologisk, 10 g",
    "category": { "sub": "Baketilbehør", "parent": "Mel og bakeingredienser" },
    "price": { "price": 151.9, "unitPrice": 15190, "unit": "kg", "qty": 0.01 }
  },
  {
    "title": "Rålakrispulver",
    "subtitle": "Økologisk, 18 g",
    "category": { "sub": "Baketilbehør", "parent": "Mel og bakeingredienser" },
    "price": { "price": 36.3, "unitPrice": 2016.67, "unit": "kg", "qty": 0.02 }
  },
  {
    "title": "Tørrgjær Original",
    "subtitle": "5 poser, 65 g",
    "category": { "sub": "Baketilbehør", "parent": "Mel og bakeingredienser" },
    "price": { "price": 24.8, "unitPrice": 381.54, "unit": "kg", "qty": 0.06 }
  },
  {
    "title": "Tørrgjær Søte Deiger",
    "subtitle": "5 poser, 0,06 kg",
    "category": { "sub": "Baketilbehør", "parent": "Mel og bakeingredienser" },
    "price": { "price": 30.9, "unitPrice": 515, "unit": "kg", "qty": 0.06 }
  },
  {
    "title": "Pizzagjær",
    "subtitle": "5 poser, 1 stk",
    "category": { "sub": "Baketilbehør", "parent": "Mel og bakeingredienser" },
    "price": { "price": 24.6, "unitPrice": 24.6, "unit": "stk", "qty": 1 }
  },
  {
    "title": "Fersk Gjær Søte Deiger",
    "subtitle": "50 g",
    "category": { "sub": "Baketilbehør", "parent": "Mel og bakeingredienser" },
    "price": { "price": 5.8, "unitPrice": 116, "unit": "kg", "qty": 0.05 }
  },
  {
    "title": "Fersk Gjær Original",
    "subtitle": "50 g",
    "category": { "sub": "Baketilbehør", "parent": "Mel og bakeingredienser" },
    "price": { "price": 4.2, "unitPrice": 84, "unit": "kg", "qty": 0.05 }
  },
  {
    "title": "Natron",
    "subtitle": "50 g",
    "category": { "sub": "Baketilbehør", "parent": "Mel og bakeingredienser" },
    "price": { "price": 14.8, "unitPrice": 296, "unit": "kg", "qty": 0.05 }
  },
  {
    "title": "Hornsalt",
    "subtitle": "65 g",
    "category": { "sub": "Baketilbehør", "parent": "Mel og bakeingredienser" },
    "price": { "price": 22.8, "unitPrice": 350.77, "unit": "kg", "qty": 0.06 }
  },
  {
    "title": "Kakebunn i 3 deler",
    "subtitle": "360 g",
    "category": { "sub": "Baketilbehør", "parent": "Mel og bakeingredienser" },
    "price": { "price": 24, "unitPrice": 66.67, "unit": "kg", "qty": 0.36 }
  },
  {
    "title": "Vanilla Paste",
    "subtitle": "100 g",
    "category": { "sub": "Baketilbehør", "parent": "Mel og bakeingredienser" },
    "price": { "price": 88.9, "unitPrice": 889, "unit": "kg", "qty": 0.1 }
  },
  {
    "title": "Delfia Kokosfett",
    "subtitle": "250 g",
    "category": { "sub": "Baketilbehør", "parent": "Mel og bakeingredienser" },
    "price": { "price": 28.4, "unitPrice": 79.52, "unit": "kg", "qty": 0.36 }
  },
  {
    "title": "Hvit Sukkerfondant",
    "subtitle": "250 g",
    "category": { "sub": "Baketilbehør", "parent": "Mel og bakeingredienser" },
    "price": { "price": 45.8, "unitPrice": 183.2, "unit": "kg", "qty": 0.25 }
  },
  {
    "title": "Kakepynkt Bokstaver og Tall",
    "subtitle": "44 g",
    "category": { "sub": "Baketilbehør", "parent": "Mel og bakeingredienser" },
    "price": { "price": 45.9, "unitPrice": 1043.18, "unit": "kg", "qty": 0.04 }
  },
  {
    "title": "Konditorfarger",
    "subtitle": "4 x 10g, 40 g",
    "category": { "sub": "Baketilbehør", "parent": "Mel og bakeingredienser" },
    "price": { "price": 40, "unitPrice": 1000, "unit": "kg", "qty": 0.04 }
  },
  {
    "title": "Kakepynt Silver",
    "subtitle": "4 kammer, 85 g",
    "category": { "sub": "Baketilbehør", "parent": "Mel og bakeingredienser" },
    "price": { "price": 52.3, "unitPrice": 615.29, "unit": "kg", "qty": 0.09 }
  },
  {
    "title": "Sweetheart Strøssel",
    "subtitle": "78 g",
    "category": { "sub": "Baketilbehør", "parent": "Mel og bakeingredienser" },
    "price": { "price": 51.4, "unitPrice": 658.97, "unit": "kg", "qty": 0.08 }
  },
  {
    "title": "Kakepynt Super Hero",
    "subtitle": "4 kammer, 76 g",
    "category": { "sub": "Baketilbehør", "parent": "Mel og bakeingredienser" },
    "price": { "price": 56.8, "unitPrice": 747.37, "unit": "kg", "qty": 0.08 }
  },
  {
    "title": "Kakepynt Neon",
    "subtitle": "4 kammer, 100 g",
    "category": { "sub": "Baketilbehør", "parent": "Mel og bakeingredienser" },
    "price": { "price": 52.1, "unitPrice": 521, "unit": "kg", "qty": 0.1 }
  },
  {
    "title": "Kakepynt Black & Gold",
    "subtitle": "4 kammer, 83 g",
    "category": { "sub": "Baketilbehør", "parent": "Mel og bakeingredienser" },
    "price": { "price": 57.8, "unitPrice": 696.39, "unit": "kg", "qty": 0.08 }
  },
  {
    "title": "Sjokoladestrøssel 4 Kammer",
    "subtitle": "120 g",
    "category": { "sub": "Baketilbehør", "parent": "Mel og bakeingredienser" },
    "price": { "price": 61, "unitPrice": 508.33, "unit": "kg", "qty": 0.12 }
  },
  {
    "title": "Rød Geléfarge",
    "subtitle": "Konsentrert, 15 g",
    "category": { "sub": "Baketilbehør", "parent": "Mel og bakeingredienser" },
    "price": { "price": 21.7, "unitPrice": 1446.67, "unit": "kg", "qty": 0.01 }
  },
  {
    "title": "Lilla Geléfarge",
    "subtitle": "Konsentrert, 15 g",
    "category": { "sub": "Baketilbehør", "parent": "Mel og bakeingredienser" },
    "price": { "price": 21.7, "unitPrice": 1446.67, "unit": "kg", "qty": 0.01 }
  },
  {
    "title": "Gul Geléfarge",
    "subtitle": "Konsentrert, 15 g",
    "category": { "sub": "Baketilbehør", "parent": "Mel og bakeingredienser" },
    "price": { "price": 21.7, "unitPrice": 1446.67, "unit": "kg", "qty": 0.01 }
  },
  {
    "title": "Blå Geléfarge",
    "subtitle": "Konsentrert, 15 g",
    "category": { "sub": "Baketilbehør", "parent": "Mel og bakeingredienser" },
    "price": { "price": 21.8, "unitPrice": 1453.33, "unit": "kg", "qty": 0.02 }
  },
  {
    "title": "Oransje Geléfarge",
    "subtitle": "Konsentrert, 15 g",
    "category": { "sub": "Baketilbehør", "parent": "Mel og bakeingredienser" },
    "price": { "price": 21.7, "unitPrice": 1446.67, "unit": "kg", "qty": 0.01 }
  },
  {
    "title": "Grønn Geléfarge",
    "subtitle": "Konsentrert, 15 g",
    "category": { "sub": "Baketilbehør", "parent": "Mel og bakeingredienser" },
    "price": { "price": 21.7, "unitPrice": 1446.67, "unit": "kg", "qty": 0.01 }
  },
  {
    "title": "Sort Geléfarge",
    "subtitle": "Konsentrert, 15 g",
    "category": { "sub": "Baketilbehør", "parent": "Mel og bakeingredienser" },
    "price": { "price": 21.7, "unitPrice": 1446.67, "unit": "kg", "qty": 0.01 }
  },
  {
    "title": "Rosa Geléfarge",
    "subtitle": "Konsentrert, 15 g",
    "category": { "sub": "Baketilbehør", "parent": "Mel og bakeingredienser" },
    "price": { "price": 19.9, "unitPrice": 1326.67, "unit": "kg", "qty": 0.01 }
  },
  {
    "title": "Gold Writing Gel",
    "subtitle": "19 g",
    "category": { "sub": "Baketilbehør", "parent": "Mel og bakeingredienser" },
    "price": { "price": 21.8, "unitPrice": 1147.37, "unit": "kg", "qty": 0.02 }
  },
  {
    "title": "Glitterspray",
    "subtitle": "Gull, 4 g",
    "category": { "sub": "Baketilbehør", "parent": "Mel og bakeingredienser" },
    "price": { "price": 65.3, "unitPrice": 16325, "unit": "kg", "qty": 0 }
  },
  {
    "title": "Silver Writing Gel",
    "subtitle": "19 g",
    "category": { "sub": "Baketilbehør", "parent": "Mel og bakeingredienser" },
    "price": { "price": 21.8, "unitPrice": 1147.37, "unit": "kg", "qty": 0.02 }
  },
  {
    "title": "Writing Icing Decor",
    "subtitle": "76 g",
    "category": { "sub": "Baketilbehør", "parent": "Mel og bakeingredienser" },
    "price": { "price": 59.8, "unitPrice": 786.84, "unit": "kg", "qty": 0.08 }
  },
  {
    "title": "Blandet Strøssel",
    "subtitle": "120 g",
    "category": { "sub": "Baketilbehør", "parent": "Mel og bakeingredienser" },
    "price": { "price": 36.8, "unitPrice": 306.67, "unit": "kg", "qty": 0.12 }
  },
  {
    "title": "Rainbow Mix Strøssel",
    "subtitle": "50 g",
    "category": { "sub": "Baketilbehør", "parent": "Mel og bakeingredienser" },
    "price": { "price": 37.8, "unitPrice": 37.8, "unit": "stk", "qty": 1 }
  },
  {
    "title": "Ocean Mix Strøssel",
    "subtitle": "50 g",
    "category": { "sub": "Baketilbehør", "parent": "Mel og bakeingredienser" },
    "price": { "price": 36.8, "unitPrice": 736, "unit": "kg", "qty": 0.05 }
  },
  {
    "title": "Perler",
    "subtitle": "Golden&Shiny, 12 stk",
    "category": { "sub": "Baketilbehør", "parent": "Mel og bakeingredienser" },
    "price": { "price": 38.4, "unitPrice": 3.2, "unit": "stk", "qty": 12 }
  },
  {
    "title": "Silver Pearls Chocolate",
    "subtitle": "52 g",
    "category": { "sub": "Baketilbehør", "parent": "Mel og bakeingredienser" },
    "price": { "price": 38.4, "unitPrice": 738.46, "unit": "kg", "qty": 0.05 }
  },
  {
    "title": "Disco Sjokoladekuler",
    "subtitle": "55 g",
    "category": { "sub": "Baketilbehør", "parent": "Mel og bakeingredienser" },
    "price": { "price": 37.4, "unitPrice": 680, "unit": "kg", "qty": 0.06 }
  },
  {
    "title": "Daim Strøssel",
    "subtitle": "100 g",
    "category": { "sub": "Baketilbehør", "parent": "Mel og bakeingredienser" },
    "price": { "price": 24.8, "unitPrice": 248, "unit": "kg", "qty": 0.1 }
  },
  {
    "title": "Kakefyll Vaniljesmak",
    "subtitle": "80 g",
    "category": { "sub": "Baketilbehør", "parent": "Mel og bakeingredienser" },
    "price": { "price": 22.5, "unitPrice": 281.25, "unit": "kg", "qty": 0.08 }
  },
  {
    "title": "Makronfyll",
    "subtitle": "200 g",
    "category": { "sub": "Baketilbehør", "parent": "Mel og bakeingredienser" },
    "price": { "price": 34.8, "unitPrice": 174, "unit": "kg", "qty": 0.2 }
  },
  {
    "title": "Flerfarget Strøssel",
    "subtitle": "100 g",
    "category": { "sub": "Baketilbehør", "parent": "Mel og bakeingredienser" },
    "price": { "price": 42.8, "unitPrice": 428, "unit": "kg", "qty": 0.1 }
  },
  {
    "title": "Freia Mandelskiver",
    "subtitle": "35 g",
    "category": { "sub": "Baketilbehør", "parent": "Mel og bakeingredienser" },
    "price": { "price": 18.6, "unitPrice": 531.43, "unit": "kg", "qty": 0.03 }
  },
  {
    "title": "Hakkede Mandler",
    "subtitle": "50 g",
    "category": { "sub": "Baketilbehør", "parent": "Mel og bakeingredienser" },
    "price": { "price": 41.6, "unitPrice": 832, "unit": "kg", "qty": 0.05 }
  },
  {
    "title": "Mandelflak",
    "subtitle": "50 g",
    "category": { "sub": "Baketilbehør", "parent": "Mel og bakeingredienser" },
    "price": { "price": 33.1, "unitPrice": 662, "unit": "kg", "qty": 0.05 }
  },
  {
    "title": "Skivede Mandler",
    "subtitle": "200 g",
    "category": { "sub": "Baketilbehør", "parent": "Mel og bakeingredienser" },
    "price": { "price": 67.2, "unitPrice": 336, "unit": "kg", "qty": 0.2 }
  },
  {
    "title": "Bokstaver & Tall i Sjokolade",
    "subtitle": "60 g",
    "category": { "sub": "Baketilbehør", "parent": "Mel og bakeingredienser" },
    "price": { "price": 44.8, "unitPrice": 746.67, "unit": "kg", "qty": 0.06 }
  },
  {
    "title": "Geléhjerter",
    "subtitle": "100 g",
    "category": { "sub": "Baketilbehør", "parent": "Mel og bakeingredienser" },
    "price": { "price": 21.7, "unitPrice": 217, "unit": "kg", "qty": 0.1 }
  },
  {
    "title": "Sjokoladestjerner",
    "subtitle": "20 g",
    "category": { "sub": "Baketilbehør", "parent": "Mel og bakeingredienser" },
    "price": { "price": 38.2, "unitPrice": 1910, "unit": "kg", "qty": 0.02 }
  },
  {
    "title": "Sugar Eyes",
    "subtitle": "10 g",
    "category": { "sub": "Baketilbehør", "parent": "Mel og bakeingredienser" },
    "price": { "price": 33.9, "unitPrice": 3390, "unit": "kg", "qty": 0.01 }
  },
  {
    "title": "Rosiner",
    "subtitle": "500 g",
    "category": { "sub": "Baketilbehør", "parent": "Mel og bakeingredienser" },
    "price": { "price": 37.3, "unitPrice": 74.6, "unit": "kg", "qty": 0.5 }
  },
  {
    "title": "Formfett",
    "subtitle": "175 ml",
    "category": { "sub": "Baketilbehør", "parent": "Mel og bakeingredienser" },
    "price": { "price": 42.4, "unitPrice": 242.29, "unit": "l", "qty": 0.17 }
  },
  {
    "title": "Geletopper",
    "subtitle": "100 g",
    "category": { "sub": "Baketilbehør", "parent": "Mel og bakeingredienser" },
    "price": { "price": 24.8, "unitPrice": 248, "unit": "kg", "qty": 0.1 }
  },
  {
    "title": "Kokosmasse",
    "subtitle": "250 g",
    "category": { "sub": "Baketilbehør", "parent": "Mel og bakeingredienser" },
    "price": { "price": 9.9, "unitPrice": 39.6, "unit": "kg", "qty": 0.25 }
  },
  {
    "title": "Marsipan",
    "subtitle": "500 g",
    "category": { "sub": "Baketilbehør", "parent": "Mel og bakeingredienser" },
    "price": { "price": 27.4, "unitPrice": 54.8, "unit": "kg", "qty": 0.5 }
  },
  {
    "title": "Ekte Marsipan",
    "subtitle": "400 g",
    "category": { "sub": "Baketilbehør", "parent": "Mel og bakeingredienser" },
    "price": { "price": 84.9, "unitPrice": 212.25, "unit": "kg", "qty": 0.4 }
  },
  {
    "title": "Fondantlokk",
    "subtitle": "300 g",
    "category": { "sub": "Baketilbehør", "parent": "Mel og bakeingredienser" },
    "price": { "price": 97.9, "unitPrice": 326.33, "unit": "kg", "qty": 0.3 }
  },
  {
    "title": "Royal Vanilje",
    "subtitle": "0,9 l",
    "category": { "sub": "Is i boks", "parent": "Is og desserter" },
    "price": { "price": 67.8, "unitPrice": 75.33, "unit": "l", "qty": 0.9 }
  },
  {
    "title": "Royal Trippel Karamell",
    "subtitle": "0,9 l",
    "category": { "sub": "Is i boks", "parent": "Is og desserter" },
    "price": { "price": 79, "unitPrice": 87.78, "unit": "l", "qty": 0.9 }
  },
  {
    "title": "Royal Pistasj & Sjokolade",
    "subtitle": "0,9 l",
    "category": { "sub": "Is i boks", "parent": "Is og desserter" },
    "price": { "price": 88.2, "unitPrice": 98, "unit": "l", "qty": 0.9 }
  },
  {
    "title": "Royal Sjokolade",
    "subtitle": "0,9 l",
    "category": { "sub": "Is i boks", "parent": "Is og desserter" },
    "price": { "price": 81.9, "unitPrice": 91, "unit": "l", "qty": 0.9 }
  },
  {
    "title": "Royal Skogsbær & Sjokolade",
    "subtitle": "0,9 l",
    "category": { "sub": "Is i boks", "parent": "Is og desserter" },
    "price": { "price": 81.9, "unitPrice": 91, "unit": "l", "qty": 0.9 }
  },
  {
    "title": "Royal Crème Brûlée",
    "subtitle": "0,9 l",
    "category": { "sub": "Is i boks", "parent": "Is og desserter" },
    "price": { "price": 68.4, "unitPrice": 76, "unit": "l", "qty": 0.9 }
  },
  {
    "title": "Sea Salt Caramel",
    "subtitle": "0,47 l",
    "category": { "sub": "Is i boks", "parent": "Is og desserter" },
    "price": { "price": 79.8, "unitPrice": 169.79, "unit": "l", "qty": 0.47 }
  },
  {
    "title": "Peanut Butter Cup",
    "subtitle": "0,47 l",
    "category": { "sub": "Is i boks", "parent": "Is og desserter" },
    "price": { "price": 79.8, "unitPrice": 169.79, "unit": "l", "qty": 0.47 }
  },
  {
    "title": "Candy Bar",
    "subtitle": "0,47 l",
    "category": { "sub": "Is i boks", "parent": "Is og desserter" },
    "price": { "price": 87.4, "unitPrice": 185.96, "unit": "l", "qty": 0.47 }
  },
  {
    "title": "Chocolate Chip Cookie Dough",
    "subtitle": "0,47 l",
    "category": { "sub": "Is i boks", "parent": "Is og desserter" },
    "price": { "price": 79.8, "unitPrice": 169.79, "unit": "l", "qty": 0.47 }
  },
  {
    "title": "Maple Walnut",
    "subtitle": "0,9 l",
    "category": { "sub": "Is i boks", "parent": "Is og desserter" },
    "price": { "price": 118.9, "unitPrice": 132.11, "unit": "l", "qty": 0.9 }
  },
  {
    "title": "Vanilla Dream",
    "subtitle": "0,9 l",
    "category": { "sub": "Is i boks", "parent": "Is og desserter" },
    "price": { "price": 118.9, "unitPrice": 132.11, "unit": "l", "qty": 0.9 }
  },
  {
    "title": "Caramelita",
    "subtitle": "0,9 l",
    "category": { "sub": "Is i boks", "parent": "Is og desserter" },
    "price": { "price": 130.3, "unitPrice": 144.78, "unit": "l", "qty": 0.9 }
  },
  {
    "title": "Swiss Chocolate",
    "subtitle": "0,9 l",
    "category": { "sub": "Is i boks", "parent": "Is og desserter" },
    "price": { "price": 118.9, "unitPrice": 132.11, "unit": "l", "qty": 0.9 }
  },
  {
    "title": "Sjokolade-Iskrem",
    "subtitle": "0,5 l",
    "category": { "sub": "Is i boks", "parent": "Is og desserter" },
    "price": { "price": 63.7, "unitPrice": 127.4, "unit": "l", "qty": 0.5 }
  },
  {
    "title": "Cookies & Vanilje-Iskrem",
    "subtitle": "0,5 l",
    "category": { "sub": "Is i boks", "parent": "Is og desserter" },
    "price": { "price": 63.7, "unitPrice": 127.4, "unit": "l", "qty": 0.5 }
  },
  {
    "title": "Vanilje-Iskrem",
    "subtitle": "0,5 l",
    "category": { "sub": "Is i boks", "parent": "Is og desserter" },
    "price": { "price": 63.7, "unitPrice": 127.4, "unit": "l", "qty": 0.5 }
  },
  {
    "title": "Kaffe Mocca Iskrem",
    "subtitle": "0,5 l",
    "category": { "sub": "Is i boks", "parent": "Is og desserter" },
    "price": { "price": 63.7, "unitPrice": 127.4, "unit": "l", "qty": 0.5 }
  },
  {
    "title": "Lakris-Iskrem",
    "subtitle": "0,5 l",
    "category": { "sub": "Is i boks", "parent": "Is og desserter" },
    "price": { "price": 63.7, "unitPrice": 127.4, "unit": "l", "qty": 0.5 }
  },
  {
    "title": "Sorbet av Bringebær",
    "subtitle": "0,5 l",
    "category": { "sub": "Is i boks", "parent": "Is og desserter" },
    "price": { "price": 63.7, "unitPrice": 127.4, "unit": "l", "qty": 0.5 }
  },
  {
    "title": "Sorbet av Jordbær",
    "subtitle": "0,5 l",
    "category": { "sub": "Is i boks", "parent": "Is og desserter" },
    "price": { "price": 80.3, "unitPrice": 160.6, "unit": "l", "qty": 0.5 }
  },
  {
    "title": "Sorbet av Sitron",
    "subtitle": "0,5 l",
    "category": { "sub": "Is i boks", "parent": "Is og desserter" },
    "price": { "price": 63.7, "unitPrice": 127.4, "unit": "l", "qty": 0.5 }
  },
  {
    "title": "Sorbet av Mango",
    "subtitle": "0,5 l",
    "category": { "sub": "Is i boks", "parent": "Is og desserter" },
    "price": { "price": 63.7, "unitPrice": 127.4, "unit": "l", "qty": 0.5 }
  },
  {
    "title": "Sorbet av Kokos",
    "subtitle": "0,5 l",
    "category": { "sub": "Is i boks", "parent": "Is og desserter" },
    "price": { "price": 74.4, "unitPrice": 148.8, "unit": "l", "qty": 0.5 }
  },
  {
    "title": "Sorbet av Rabarbra",
    "subtitle": "0,5 l",
    "category": { "sub": "Is i boks", "parent": "Is og desserter" },
    "price": { "price": 63.8, "unitPrice": 127.6, "unit": "l", "qty": 0.5 }
  },
  {
    "title": "Vegansk Sjokolade Iskrem",
    "subtitle": "Avokado-basert, 0,5 l",
    "category": { "sub": "Is i boks", "parent": "Is og desserter" },
    "price": { "price": 79.8, "unitPrice": 159.6, "unit": "l", "qty": 0.5 }
  },
  {
    "title": "Peanut Butter Cup",
    "subtitle": "465 ml",
    "category": { "sub": "Is i boks", "parent": "Is og desserter" },
    "price": { "price": 87.9, "unitPrice": 189.03, "unit": "l", "qty": 0.47 }
  },
  {
    "title": "Chocolate Fudge Brownie Iskrem",
    "subtitle": "465 ml",
    "category": { "sub": "Is i boks", "parent": "Is og desserter" },
    "price": { "price": 87.9, "unitPrice": 189.03, "unit": "l", "qty": 0.47 }
  },
  {
    "title": "Topped Salted Caramel Brownie Iskrem",
    "subtitle": "438 ml",
    "category": { "sub": "Is i boks", "parent": "Is og desserter" },
    "price": { "price": 90.9, "unitPrice": 207.53, "unit": "l", "qty": 0.44 }
  },
  {
    "title": "Cookie Dough Iskrem",
    "subtitle": "465 ml",
    "category": { "sub": "Is i boks", "parent": "Is og desserter" },
    "price": { "price": 87.9, "unitPrice": 189.03, "unit": "l", "qty": 0.47 }
  },
  {
    "title": "Non-Dairy Peanut Butter Cookie",
    "subtitle": "Melkefri, 465 ml",
    "category": { "sub": "Is i boks", "parent": "Is og desserter" },
    "price": { "price": 90.9, "unitPrice": 195.48, "unit": "l", "qty": 0.47 }
  },
  {
    "title": "Non-Dairy Chocolate Fudge Brownie",
    "subtitle": "Melkefri, 465 ml",
    "category": { "sub": "Is i boks", "parent": "Is og desserter" },
    "price": { "price": 91.3, "unitPrice": 196.34, "unit": "l", "qty": 0.47 }
  },
  {
    "title": "WANTED Choco Cookie Dough",
    "subtitle": "0,5 l",
    "category": { "sub": "Is i boks", "parent": "Is og desserter" },
    "price": { "price": 86.2, "unitPrice": 172.4, "unit": "l", "qty": 0.5 }
  },
  {
    "title": "Vanilla Iskrem",
    "subtitle": "0,9 l",
    "category": { "sub": "Is i boks", "parent": "Is og desserter" },
    "price": { "price": 64.9, "unitPrice": 72.11, "unit": "l", "qty": 0.9 }
  },
  {
    "title": "Lollipop",
    "subtitle": "1,2 l",
    "category": { "sub": "Is i boks", "parent": "Is og desserter" },
    "price": { "price": 57.8, "unitPrice": 48.17, "unit": "l", "qty": 1.2 }
  },
  {
    "title": "Sorbetto Limone",
    "subtitle": "Lime, 0,5 l",
    "category": { "sub": "Is i boks", "parent": "Is og desserter" },
    "price": { "price": 62.9, "unitPrice": 125.8, "unit": "l", "qty": 0.5 }
  },
  {
    "title": "Sorbetto Mango & Pasjonsfrukt",
    "subtitle": "0,5 l",
    "category": { "sub": "Is i boks", "parent": "Is og desserter" },
    "price": { "price": 62.9, "unitPrice": 125.8, "unit": "l", "qty": 0.5 }
  },
  {
    "title": "Iskrem Gul Vanilje",
    "subtitle": "1 l",
    "category": { "sub": "Is i boks", "parent": "Is og desserter" },
    "price": { "price": 58, "unitPrice": 58, "unit": "l", "qty": 1 }
  },
  {
    "title": "Iskrem Tiramisu",
    "subtitle": "1 l",
    "category": { "sub": "Is i boks", "parent": "Is og desserter" },
    "price": { "price": 57.9, "unitPrice": 57.9, "unit": "l", "qty": 1 }
  },
  {
    "title": "Häagen Dazs Belgian Chocolate",
    "subtitle": "460 ml",
    "category": { "sub": "Is i boks", "parent": "Is og desserter" },
    "price": { "price": 75.1, "unitPrice": 163.26, "unit": "l", "qty": 0.46 }
  },
  {
    "title": "Häagen Dazs Vanilla",
    "subtitle": "460 ml",
    "category": { "sub": "Is i boks", "parent": "Is og desserter" },
    "price": { "price": 64.8, "unitPrice": 140.87, "unit": "l", "qty": 0.46 }
  },
  {
    "title": "Häagen Dazs Chocolate Dough Chip",
    "subtitle": "460 ml",
    "category": { "sub": "Is i boks", "parent": "Is og desserter" },
    "price": { "price": 71.2, "unitPrice": 154.78, "unit": "l", "qty": 0.46 }
  },
  {
    "title": "Häagen Dazs Chocolate Saltet Caramel",
    "subtitle": "460 ml",
    "category": { "sub": "Is i boks", "parent": "Is og desserter" },
    "price": { "price": 68, "unitPrice": 147.83, "unit": "l", "qty": 0.46 }
  },
  {
    "title": "Häagen Dazs Saltet Caramel",
    "subtitle": "460 ml",
    "category": { "sub": "Is i boks", "parent": "Is og desserter" },
    "price": { "price": 68.2, "unitPrice": 148.26, "unit": "l", "qty": 0.46 }
  },
  {
    "title": "Häagen Dazs Strawberry Cheesecake",
    "subtitle": "460 ml",
    "category": { "sub": "Is i boks", "parent": "Is og desserter" },
    "price": { "price": 66.8, "unitPrice": 145.22, "unit": "l", "qty": 0.46 }
  },
  {
    "title": "Häagen Dazs Cookies & Cream",
    "subtitle": "460 ml",
    "category": { "sub": "Is i boks", "parent": "Is og desserter" },
    "price": { "price": 64.8, "unitPrice": 140.87, "unit": "l", "qty": 0.46 }
  },
  {
    "title": "Dream Caramel Brownie Blast",
    "subtitle": "0,8 l",
    "category": { "sub": "Is i boks", "parent": "Is og desserter" },
    "price": { "price": 74.8, "unitPrice": 93.5, "unit": "l", "qty": 0.8 }
  },
  {
    "title": "Dream Vegan Sjokolade",
    "subtitle": "0,5 l",
    "category": { "sub": "Is i boks", "parent": "Is og desserter" },
    "price": { "price": 58.8, "unitPrice": 117.6, "unit": "l", "qty": 0.5 }
  },
  {
    "title": "Magnum White",
    "subtitle": "440 ml",
    "category": { "sub": "Is i boks", "parent": "Is og desserter" },
    "price": { "price": 80.8, "unitPrice": 183.64, "unit": "l", "qty": 0.44 }
  },
  {
    "title": "Magnum Classic",
    "subtitle": "440 ml",
    "category": { "sub": "Is i boks", "parent": "Is og desserter" },
    "price": { "price": 79.5, "unitPrice": 180.68, "unit": "l", "qty": 0.44 }
  },
  {
    "title": "Magnum Almond",
    "subtitle": "440 ml",
    "category": { "sub": "Is i boks", "parent": "Is og desserter" },
    "price": { "price": 80.8, "unitPrice": 183.64, "unit": "l", "qty": 0.44 }
  },
  {
    "title": "Magnum Double Salted Caramel",
    "subtitle": "440 ml",
    "category": { "sub": "Is i boks", "parent": "Is og desserter" },
    "price": { "price": 79.3, "unitPrice": 180.23, "unit": "l", "qty": 0.44 }
  },
  {
    "title": "Magnum White Chocolate & Cookies",
    "subtitle": "440 ml",
    "category": { "sub": "Is i boks", "parent": "Is og desserter" },
    "price": { "price": 79.3, "unitPrice": 180.23, "unit": "l", "qty": 0.44 }
  },
  {
    "title": "Fløte-is Krokan",
    "subtitle": "2 l",
    "category": { "sub": "Is i boks", "parent": "Is og desserter" },
    "price": { "price": 54.2, "unitPrice": 27.1, "unit": "l", "qty": 2 }
  },
  {
    "title": "Fløte-Is Vanilje",
    "subtitle": "2 l",
    "category": { "sub": "Is i boks", "parent": "Is og desserter" },
    "price": { "price": 47.2, "unitPrice": 23.6, "unit": "l", "qty": 2 }
  },
  {
    "title": "Fløte-Is Tress",
    "subtitle": "2 l",
    "category": { "sub": "Is i boks", "parent": "Is og desserter" },
    "price": { "price": 48.8, "unitPrice": 24.4, "unit": "l", "qty": 2 }
  },
  {
    "title": "FRI Vanilje Is med Sjokoladebiter",
    "subtitle": "Laktosefri, 750 ml",
    "category": { "sub": "Is i boks", "parent": "Is og desserter" },
    "price": { "price": 89.8, "unitPrice": 119.73, "unit": "l", "qty": 0.75 }
  },
  {
    "title": "FRI Vanilje Is",
    "subtitle": "Laktosefri, 750 ml",
    "category": { "sub": "Is i boks", "parent": "Is og desserter" },
    "price": { "price": 59.6, "unitPrice": 79.47, "unit": "l", "qty": 0.75 }
  },
  {
    "title": "Vaniljeis med Sjokoladebiter",
    "subtitle": "Økologisk, 0,5 l",
    "category": { "sub": "Is i boks", "parent": "Is og desserter" },
    "price": { "price": 49, "unitPrice": 98, "unit": "l", "qty": 0.5 }
  },
  {
    "title": "Salt Karamellis med Pecan",
    "subtitle": "0,5 l",
    "category": { "sub": "Is i boks", "parent": "Is og desserter" },
    "price": { "price": 69.9, "unitPrice": 139.8, "unit": "l", "qty": 0.5 }
  },
  {
    "title": "Snickers-Is",
    "subtitle": "6 stk",
    "category": { "sub": "Porsjonsis", "parent": "Is og desserter" },
    "price": { "price": 89.8, "unitPrice": 14.97, "unit": "stk", "qty": 6 }
  },
  {
    "title": "Mars Iskrem",
    "subtitle": "4 stk, 204 g",
    "category": { "sub": "Porsjonsis", "parent": "Is og desserter" },
    "price": { "price": 54.9, "unitPrice": 269.12, "unit": "kg", "qty": 0.2 }
  },
  {
    "title": "Fruitero",
    "subtitle": "10 stk",
    "category": { "sub": "Porsjonsis", "parent": "Is og desserter" },
    "price": { "price": 84.1, "unitPrice": 8.41, "unit": "stk", "qty": 10 }
  },
  {
    "title": "Monstermat Vannis",
    "subtitle": "9 x 60ml, 540 ml",
    "category": { "sub": "Porsjonsis", "parent": "Is og desserter" },
    "price": { "price": 13.7, "unitPrice": 25.37, "unit": "l", "qty": 0.54 }
  },
  {
    "title": "Båt-is Tip Top",
    "subtitle": "6 stk",
    "category": { "sub": "Porsjonsis", "parent": "Is og desserter" },
    "price": { "price": 91.1, "unitPrice": 15.18, "unit": "stk", "qty": 6 }
  },
  {
    "title": "Royal Salt Karamell Mini",
    "subtitle": "6 stk",
    "category": { "sub": "Porsjonsis", "parent": "Is og desserter" },
    "price": { "price": 93.1, "unitPrice": 15.52, "unit": "stk", "qty": 6 }
  },
  {
    "title": "Magnum Classic Iskrem",
    "subtitle": "8 x 110ml, 880 ml",
    "category": { "sub": "Porsjonsis", "parent": "Is og desserter" },
    "price": { "price": 119, "unitPrice": 14.88, "unit": "stk", "qty": 8 }
  },
  {
    "title": "Magnum White Chocolate Iskrem",
    "subtitle": "8 x 110ml, 880 ml",
    "category": { "sub": "Porsjonsis", "parent": "Is og desserter" },
    "price": { "price": 119, "unitPrice": 14.88, "unit": "stk", "qty": 8 }
  },
  {
    "title": "Magnum Mini Mix",
    "subtitle": "6 x 55ml, 330 ml",
    "category": { "sub": "Porsjonsis", "parent": "Is og desserter" },
    "price": { "price": 69.2, "unitPrice": 11.53, "unit": "stk", "qty": 6 }
  },
  {
    "title": "Magnum After Dinner",
    "subtitle": "10 x 35ml, 350 ml",
    "category": { "sub": "Porsjonsis", "parent": "Is og desserter" },
    "price": { "price": 80.9, "unitPrice": 8.09, "unit": "stk", "qty": 10 }
  },
  {
    "title": "Magnum Mint Iskrem",
    "subtitle": "4 x 100ml, 400 ml",
    "category": { "sub": "Porsjonsis", "parent": "Is og desserter" },
    "price": { "price": 59.9, "unitPrice": 14.98, "unit": "stk", "qty": 4 }
  },
  {
    "title": "Sandwich Original",
    "subtitle": "6 stk, 0,72 l",
    "category": { "sub": "Porsjonsis", "parent": "Is og desserter" },
    "price": { "price": 49.9, "unitPrice": 69.31, "unit": "l", "qty": 0.72 }
  },
  {
    "title": "Pin Up Is",
    "subtitle": "10 stk",
    "category": { "sub": "Porsjonsis", "parent": "Is og desserter" },
    "price": { "price": 54.4, "unitPrice": 5.44, "unit": "stk", "qty": 10 }
  },
  {
    "title": "Lollipop",
    "subtitle": "10 stk",
    "category": { "sub": "Porsjonsis", "parent": "Is og desserter" },
    "price": { "price": 33.8, "unitPrice": 3.38, "unit": "stk", "qty": 10 }
  },
  {
    "title": "Krone-Is Sjokolade",
    "subtitle": "5 stk, 645 ml",
    "category": { "sub": "Porsjonsis", "parent": "Is og desserter" },
    "price": { "price": 29.2, "unitPrice": 5.84, "unit": "stk", "qty": 5 }
  },
  {
    "title": "Krone-Is Jordbær",
    "subtitle": "5 stk, 640 ml",
    "category": { "sub": "Porsjonsis", "parent": "Is og desserter" },
    "price": { "price": 29.2, "unitPrice": 5.84, "unit": "stk", "qty": 5 }
  },
  {
    "title": "FRI Vaniljeis med Sjokoladebiter i Kjeks",
    "subtitle": "Laktosefri, 6 stk",
    "category": { "sub": "Porsjonsis", "parent": "Is og desserter" },
    "price": { "price": 101.5, "unitPrice": 16.92, "unit": "stk", "qty": 6 }
  },
  {
    "title": "Dream Lemon Mini",
    "subtitle": "6 stk",
    "category": { "sub": "Porsjonsis", "parent": "Is og desserter" },
    "price": { "price": 79.8, "unitPrice": 13.3, "unit": "stk", "qty": 6 }
  },
  {
    "title": "Krone-Is Jordbær",
    "subtitle": "6 stk, 750 ml",
    "category": { "sub": "Porsjonsis", "parent": "Is og desserter" },
    "price": { "price": 40.9, "unitPrice": 6.82, "unit": "stk", "qty": 6 }
  },
  {
    "title": "Krone-Is Sjokolade",
    "subtitle": "6 stk, 750 ml",
    "category": { "sub": "Porsjonsis", "parent": "Is og desserter" },
    "price": { "price": 40.5, "unitPrice": 6.75, "unit": "stk", "qty": 6 }
  },
  {
    "title": "Gelato Sandwich 8pk",
    "subtitle": "Melkefri, 320 g",
    "category": { "sub": "Porsjonsis", "parent": "Is og desserter" },
    "price": { "price": 95.9, "unitPrice": 299.69, "unit": "kg", "qty": 0.32 }
  },
  {
    "title": "Rislunsj Med Bringebær & Rips",
    "subtitle": "Piano, 150 g",
    "category": { "sub": "Dessert", "parent": "Is og desserter" },
    "price": { "price": 9.9, "unitPrice": 66, "unit": "kg", "qty": 0.15 }
  },
  {
    "title": "Rislunsj Med Jordbær",
    "subtitle": "Piano, 150 g",
    "category": { "sub": "Dessert", "parent": "Is og desserter" },
    "price": { "price": 9.8, "unitPrice": 65.33, "unit": "kg", "qty": 0.15 }
  },
  {
    "title": "Rislunsj med Bringebær & Blåbær",
    "subtitle": "Piano, 150 g",
    "category": { "sub": "Dessert", "parent": "Is og desserter" },
    "price": { "price": 9.9, "unitPrice": 66, "unit": "kg", "qty": 0.15 }
  },
  {
    "title": "Piano Duo Yoghurt og Nøttetoffee",
    "subtitle": "119 g",
    "category": { "sub": "Dessert", "parent": "Is og desserter" },
    "price": { "price": 13.8, "unitPrice": 115.97, "unit": "kg", "qty": 0.12 }
  },
  {
    "title": "Nora Sviskekompott",
    "subtitle": "455 g",
    "category": { "sub": "Dessert", "parent": "Is og desserter" },
    "price": { "price": 21.8, "unitPrice": 47.91, "unit": "kg", "qty": 0.46 }
  },
  {
    "title": "Bringebærgele",
    "subtitle": "125 g",
    "category": { "sub": "Dessert", "parent": "Is og desserter" },
    "price": { "price": 13.4, "unitPrice": 107.2, "unit": "kg", "qty": 0.13 }
  },
  {
    "title": "Jordbærgele",
    "subtitle": "125 g",
    "category": { "sub": "Dessert", "parent": "Is og desserter" },
    "price": { "price": 10.8, "unitPrice": 86.4, "unit": "kg", "qty": 0.13 }
  },
  {
    "title": "Sitrongele",
    "subtitle": "125 g",
    "category": { "sub": "Dessert", "parent": "Is og desserter" },
    "price": { "price": 18.1, "unitPrice": 144.8, "unit": "kg", "qty": 0.13 }
  },
  {
    "title": "Appelsingele",
    "subtitle": "125 g",
    "category": { "sub": "Dessert", "parent": "Is og desserter" },
    "price": { "price": 21.8, "unitPrice": 174.4, "unit": "kg", "qty": 0.13 }
  },
  {
    "title": "Blåbærgelé",
    "subtitle": "125 g",
    "category": { "sub": "Dessert", "parent": "Is og desserter" },
    "price": { "price": 22.4, "unitPrice": 179.2, "unit": "kg", "qty": 0.13 }
  },
  {
    "title": "Piano Vaniljesaus",
    "subtitle": "3pk, 0,75 l",
    "category": { "sub": "Dessert", "parent": "Is og desserter" },
    "price": { "price": 40.4, "unitPrice": 53.87, "unit": "l", "qty": 0.75 }
  },
  {
    "title": "Kiwigelé",
    "subtitle": "125 g",
    "category": { "sub": "Dessert", "parent": "Is og desserter" },
    "price": { "price": 21.4, "unitPrice": 171.2, "unit": "kg", "qty": 0.13 }
  },
  {
    "title": "Pasjonsfruktgelé",
    "subtitle": "125 g",
    "category": { "sub": "Dessert", "parent": "Is og desserter" },
    "price": { "price": 19.6, "unitPrice": 156.8, "unit": "kg", "qty": 0.13 }
  },
  {
    "title": "Vaniljesaus Piano",
    "subtitle": "0,5 l",
    "category": { "sub": "Dessert", "parent": "Is og desserter" },
    "price": { "price": 25, "unitPrice": 50, "unit": "l", "qty": 0.5 }
  },
  {
    "title": "Piano Bringebærsaus",
    "subtitle": "0,5 l",
    "category": { "sub": "Dessert", "parent": "Is og desserter" },
    "price": { "price": 25.4, "unitPrice": 50.8, "unit": "l", "qty": 0.5 }
  },
  {
    "title": "Vaniljesaus",
    "subtitle": "Til Koking, 19 g",
    "category": { "sub": "Dessert", "parent": "Is og desserter" },
    "price": { "price": 11.8, "unitPrice": 621.05, "unit": "kg", "qty": 0.02 }
  },
  {
    "title": "Vaniljesaus Instant",
    "subtitle": "Uten koking, 56 g",
    "category": { "sub": "Dessert", "parent": "Is og desserter" },
    "price": { "price": 14.8, "unitPrice": 264.29, "unit": "kg", "qty": 0.06 }
  },
  {
    "title": "Sjokoladepudding",
    "subtitle": "113 g",
    "category": { "sub": "Dessert", "parent": "Is og desserter" },
    "price": { "price": 18.4, "unitPrice": 162.83, "unit": "kg", "qty": 0.11 }
  },
  {
    "title": "Sjokolademousse Sjokobiter",
    "subtitle": "100 g",
    "category": { "sub": "Dessert", "parent": "Is og desserter" },
    "price": { "price": 26.7, "unitPrice": 267, "unit": "kg", "qty": 0.1 }
  },
  {
    "title": "Sjokolademousse Daim",
    "subtitle": "100 g",
    "category": { "sub": "Dessert", "parent": "Is og desserter" },
    "price": { "price": 20.8, "unitPrice": 208, "unit": "kg", "qty": 0.1 }
  },
  {
    "title": "Piano Karamellpudding",
    "subtitle": "1 l",
    "category": { "sub": "Dessert", "parent": "Is og desserter" },
    "price": { "price": 43.6, "unitPrice": 43.6, "unit": "l", "qty": 1 }
  },
  {
    "title": "Piano Karamellpudding",
    "subtitle": "0,5 l",
    "category": { "sub": "Dessert", "parent": "Is og desserter" },
    "price": { "price": 25.8, "unitPrice": 51.6, "unit": "l", "qty": 0.5 }
  },
  {
    "title": "Sjokoladepudding Piano",
    "subtitle": "0,5 l",
    "category": { "sub": "Dessert", "parent": "Is og desserter" },
    "price": { "price": 17.6, "unitPrice": 35.2, "unit": "l", "qty": 0.5 }
  },
  {
    "title": "Piano Sjokoladepudding",
    "subtitle": "1 l",
    "category": { "sub": "Dessert", "parent": "Is og desserter" },
    "price": { "price": 19.9, "unitPrice": 19.9, "unit": "l", "qty": 1 }
  },
  {
    "title": "Piano Bringebærgelé",
    "subtitle": "1 l",
    "category": { "sub": "Dessert", "parent": "Is og desserter" },
    "price": { "price": 32.8, "unitPrice": 32.8, "unit": "l", "qty": 1 }
  },
  {
    "title": "Piano Jordbærgelé",
    "subtitle": "1 l",
    "category": { "sub": "Dessert", "parent": "Is og desserter" },
    "price": { "price": 22.9, "unitPrice": 22.9, "unit": "l", "qty": 1 }
  },
  {
    "title": "Piano Jordbærsmakgelé",
    "subtitle": "0,5 l",
    "category": { "sub": "Dessert", "parent": "Is og desserter" },
    "price": { "price": 36.8, "unitPrice": 73.6, "unit": "l", "qty": 0.5 }
  },
  {
    "title": "Piano Vaniljesaus",
    "subtitle": "1 l",
    "category": { "sub": "Dessert", "parent": "Is og desserter" },
    "price": { "price": 28.2, "unitPrice": 28.2, "unit": "l", "qty": 1 }
  },
  {
    "title": "Piano Vaniljesaus Zero",
    "subtitle": "Uten Tilsatt Sukker, 0,5 l",
    "category": { "sub": "Dessert", "parent": "Is og desserter" },
    "price": { "price": 29.4, "unitPrice": 58.8, "unit": "l", "qty": 0.5 }
  },
  {
    "title": "Piano Vaniljekrem",
    "subtitle": "0,5 l",
    "category": { "sub": "Dessert", "parent": "Is og desserter" },
    "price": { "price": 31.1, "unitPrice": 62.2, "unit": "l", "qty": 0.5 }
  },
  {
    "title": "Kos Crème Brûlée",
    "subtitle": "2x133g, 266 g",
    "category": { "sub": "Dessert", "parent": "Is og desserter" },
    "price": { "price": 32.8, "unitPrice": 123.31, "unit": "kg", "qty": 0.27 }
  },
  {
    "title": "Kos Karamellpudding med Saus",
    "subtitle": "310 g",
    "category": { "sub": "Dessert", "parent": "Is og desserter" },
    "price": { "price": 20.8, "unitPrice": 67.1, "unit": "kg", "qty": 0.31 }
  },
  {
    "title": "Kos Sjokoladepudding med Saus",
    "subtitle": "2 stk, 310 g",
    "category": { "sub": "Dessert", "parent": "Is og desserter" },
    "price": { "price": 21.8, "unitPrice": 70.32, "unit": "kg", "qty": 0.31 }
  },
  {
    "title": "KOS Riskrem",
    "subtitle": "675 g",
    "category": { "sub": "Dessert", "parent": "Is og desserter" },
    "price": { "price": 51.6, "unitPrice": 76.44, "unit": "kg", "qty": 0.68 }
  },
  {
    "title": "Karamellpudding",
    "subtitle": "75 g",
    "category": { "sub": "Dessert", "parent": "Is og desserter" },
    "price": { "price": 14.8, "unitPrice": 197.33, "unit": "kg", "qty": 0.08 }
  },
  {
    "title": "Karamelltopping",
    "subtitle": "360 g",
    "category": { "sub": "Dessert", "parent": "Is og desserter" },
    "price": { "price": 29.8, "unitPrice": 82.78, "unit": "kg", "qty": 0.36 }
  },
  {
    "title": "Sjokoladetopping",
    "subtitle": "Stivner på isen, 300 g",
    "category": { "sub": "Dessert", "parent": "Is og desserter" },
    "price": { "price": 40.8, "unitPrice": 136, "unit": "kg", "qty": 0.3 }
  },
  {
    "title": "Salt Lakristopping",
    "subtitle": "360 g",
    "category": { "sub": "Dessert", "parent": "Is og desserter" },
    "price": { "price": 51.4, "unitPrice": 142.78, "unit": "kg", "qty": 0.36 }
  },
  {
    "title": "Daim Hard Topping",
    "subtitle": "280 g",
    "category": { "sub": "Dessert", "parent": "Is og desserter" },
    "price": { "price": 61.8, "unitPrice": 220.71, "unit": "kg", "qty": 0.28 }
  },
  {
    "title": "Melkesjokolade Topping",
    "subtitle": "315 g",
    "category": { "sub": "Dessert", "parent": "Is og desserter" },
    "price": { "price": 45.4, "unitPrice": 144.13, "unit": "kg", "qty": 0.31 }
  },
  {
    "title": "Sjokoladetopping",
    "subtitle": "360 g",
    "category": { "sub": "Dessert", "parent": "Is og desserter" },
    "price": { "price": 32.8, "unitPrice": 91.11, "unit": "kg", "qty": 0.36 }
  },
  {
    "title": "Jordbærtopping",
    "subtitle": "335 g",
    "category": { "sub": "Dessert", "parent": "Is og desserter" },
    "price": { "price": 45.8, "unitPrice": 136.72, "unit": "kg", "qty": 0.33 }
  },
  {
    "title": "Gammeldagse Kokosboller",
    "subtitle": "8 stk, 180 g",
    "category": { "sub": "Dessert", "parent": "Is og desserter" },
    "price": { "price": 54.8, "unitPrice": 304.44, "unit": "kg", "qty": 0.18 }
  },
  {
    "title": "Hjertevafler",
    "subtitle": "Ferdig stekt, 12 stk",
    "category": { "sub": "Dessert", "parent": "Is og desserter" },
    "price": { "price": 99, "unitPrice": 8.25, "unit": "stk", "qty": 12 }
  },
  {
    "title": "Ananas i Biter",
    "subtitle": "681 g",
    "category": { "sub": "Dessert", "parent": "Is og desserter" },
    "price": { "price": 23.9, "unitPrice": 35.1, "unit": "kg", "qty": 0.68 }
  },
  {
    "title": "Ananas i Skiver 3-pk",
    "subtitle": "681 g",
    "category": { "sub": "Dessert", "parent": "Is og desserter" },
    "price": { "price": 28.2, "unitPrice": 41.41, "unit": "kg", "qty": 0.68 }
  },
  {
    "title": "Ananas i Biter",
    "subtitle": "565 g",
    "category": { "sub": "Dessert", "parent": "Is og desserter" },
    "price": { "price": 16.9, "unitPrice": 29.91, "unit": "kg", "qty": 0.57 }
  },
  {
    "title": "Fruktcocktail",
    "subtitle": "820 g",
    "category": { "sub": "Dessert", "parent": "Is og desserter" },
    "price": { "price": 23, "unitPrice": 28.05, "unit": "kg", "qty": 0.82 }
  },
  {
    "title": "Mandariner",
    "subtitle": "Hermetisk, 312 g",
    "category": { "sub": "Dessert", "parent": "Is og desserter" },
    "price": { "price": 10.5, "unitPrice": 33.65, "unit": "kg", "qty": 0.31 }
  },
  {
    "title": "Halve Pærer",
    "subtitle": "460 g",
    "category": { "sub": "Dessert", "parent": "Is og desserter" },
    "price": { "price": 23.8, "unitPrice": 51.74, "unit": "kg", "qty": 0.46 }
  },
  {
    "title": "Aprikoser Halve",
    "subtitle": "410 g",
    "category": { "sub": "Dessert", "parent": "Is og desserter" },
    "price": { "price": 15.9, "unitPrice": 38.78, "unit": "kg", "qty": 0.41 }
  },
  {
    "title": "Cocktailbær",
    "subtitle": "230 g",
    "category": { "sub": "Dessert", "parent": "Is og desserter" },
    "price": { "price": 41.2, "unitPrice": 179.13, "unit": "kg", "qty": 0.23 }
  },
  {
    "title": "Vaniljesaus Melkefri",
    "subtitle": "0,25 l",
    "category": { "sub": "Dessert", "parent": "Is og desserter" },
    "price": { "price": 16.9, "unitPrice": 67.6, "unit": "l", "qty": 0.25 }
  },
  {
    "title": "Soyadessert Mørk Sjokolade",
    "subtitle": "4x125g, 500 g",
    "category": { "sub": "Dessert", "parent": "Is og desserter" },
    "price": { "price": 30.1, "unitPrice": 60.2, "unit": "kg", "qty": 0.5 }
  },
  {
    "title": "Soyadessert Vanilje",
    "subtitle": "4x125g, 500 g",
    "category": { "sub": "Dessert", "parent": "Is og desserter" },
    "price": { "price": 32, "unitPrice": 64, "unit": "kg", "qty": 0.5 }
  },
  {
    "title": "Kos Jordbærsaus",
    "subtitle": "250 g",
    "category": { "sub": "Dessert", "parent": "Is og desserter" },
    "price": { "price": 22.8, "unitPrice": 91.2, "unit": "kg", "qty": 0.25 }
  },
  {
    "title": "Mini Vannbakkels",
    "subtitle": "20 stk, 250 g",
    "category": { "sub": "Dessert", "parent": "Is og desserter" },
    "price": { "price": 33.1, "unitPrice": 132.4, "unit": "kg", "qty": 0.25 }
  },
  {
    "title": "Sitronfromasj",
    "subtitle": "85 g",
    "category": { "sub": "Dessert", "parent": "Is og desserter" },
    "price": { "price": 18.8, "unitPrice": 221.18, "unit": "kg", "qty": 0.08 }
  },
  {
    "title": "Bringebærgele Uten Sukker",
    "subtitle": "14 g",
    "category": { "sub": "Dessert", "parent": "Is og desserter" },
    "price": { "price": 18.8, "unitPrice": 1342.86, "unit": "kg", "qty": 0.01 }
  },
  {
    "title": "Eple Crumble",
    "subtitle": "500 g",
    "category": { "sub": "Dessert", "parent": "Is og desserter" },
    "price": { "price": 49.9, "unitPrice": 99.8, "unit": "kg", "qty": 0.5 }
  },
  {
    "title": "Cheesecake Salted Caramel",
    "subtitle": "500 g",
    "category": { "sub": "Dessert", "parent": "Is og desserter" },
    "price": { "price": 74.4, "unitPrice": 148.8, "unit": "kg", "qty": 0.5 }
  },
  {
    "title": "Crème Brûlée",
    "subtitle": "110 g",
    "category": { "sub": "Dessert", "parent": "Is og desserter" },
    "price": { "price": 46.8, "unitPrice": 425.45, "unit": "kg", "qty": 0.11 }
  },
  {
    "title": "Karamellpudding",
    "subtitle": "Melkefri, 2 pk, 230 g",
    "category": { "sub": "Dessert", "parent": "Is og desserter" },
    "price": { "price": 22, "unitPrice": 95.65, "unit": "kg", "qty": 0.23 }
  },
  {
    "title": "Karamellpudding",
    "subtitle": "2 stk",
    "category": { "sub": "Dessert", "parent": "Is og desserter" },
    "price": { "price": 46.8, "unitPrice": 137.65, "unit": "kg", "qty": 0.34 }
  },
  {
    "title": "Mini-Berliner Raspberry",
    "subtitle": "175 g",
    "category": { "sub": "Dessert", "parent": "Is og desserter" },
    "price": { "price": 33.1, "unitPrice": 189.14, "unit": "kg", "qty": 0.18 }
  },
  {
    "title": "Oreo Knust Kjeks",
    "subtitle": "400 g",
    "category": { "sub": "Dessert", "parent": "Is og desserter" },
    "price": { "price": 58.9, "unitPrice": 147.25, "unit": "kg", "qty": 0.4 }
  },
  {
    "title": "Panna Cotta",
    "subtitle": "Ekte Italiensk, 2 porsjoner, 220 g",
    "category": { "sub": "Dessert", "parent": "Is og desserter" },
    "price": { "price": 44.2, "unitPrice": 200.91, "unit": "kg", "qty": 0.22 }
  },
  {
    "title": "Panna Cotta",
    "subtitle": "330 g",
    "category": { "sub": "Dessert", "parent": "Is og desserter" },
    "price": { "price": 44.2, "unitPrice": 133.94, "unit": "kg", "qty": 0.33 }
  },
  {
    "title": "Piano Melkesjokoladepudding",
    "subtitle": "1 l",
    "category": { "sub": "Dessert", "parent": "Is og desserter" },
    "price": { "price": 40.4, "unitPrice": 40.4, "unit": "l", "qty": 1 }
  },
  {
    "title": "Piano Sjokopudding",
    "subtitle": "Uten tilsatt sukker, 0,5 l",
    "category": { "sub": "Dessert", "parent": "Is og desserter" },
    "price": { "price": 29.8, "unitPrice": 59.6, "unit": "l", "qty": 0.5 }
  },
  {
    "title": "Sitrongele Uten Sukker",
    "subtitle": "14 g",
    "category": { "sub": "Dessert", "parent": "Is og desserter" },
    "price": { "price": 18.8, "unitPrice": 1342.86, "unit": "kg", "qty": 0.01 }
  },
  {
    "title": "Sjokoladepudding",
    "subtitle": "2 stk",
    "category": { "sub": "Dessert", "parent": "Is og desserter" },
    "price": { "price": 45.1, "unitPrice": 132.65, "unit": "kg", "qty": 0.34 }
  },
  {
    "title": "Oreo Kjeksrull",
    "subtitle": "154 g",
    "category": { "sub": "Kjeks", "parent": "Kaker, kjeks og desserter" },
    "price": { "price": 21, "unitPrice": 136.36, "unit": "kg", "qty": 0.15 }
  },
  {
    "title": "Cafe Bakeriet Skogsbærdrøm",
    "subtitle": "200 g",
    "category": { "sub": "Kjeks", "parent": "Kaker, kjeks og desserter" },
    "price": { "price": 48.9, "unitPrice": 244.5, "unit": "kg", "qty": 0.2 }
  },
  {
    "title": "Ritz Crackers",
    "subtitle": "200 g",
    "category": { "sub": "Kjeks", "parent": "Kaker, kjeks og desserter" },
    "price": { "price": 24.6, "unitPrice": 123, "unit": "kg", "qty": 0.2 }
  },
  {
    "title": "Kornmo",
    "subtitle": "Original, 225 g",
    "category": { "sub": "Kjeks", "parent": "Kaker, kjeks og desserter" },
    "price": { "price": 30.8, "unitPrice": 136.89, "unit": "kg", "qty": 0.22 }
  },
  {
    "title": "Café Bakeriet Sjokoladeterapi",
    "subtitle": "200 g",
    "category": { "sub": "Kjeks", "parent": "Kaker, kjeks og desserter" },
    "price": { "price": 48.9, "unitPrice": 244.5, "unit": "kg", "qty": 0.2 }
  },
  {
    "title": "Melkesjokolade Kjeks",
    "subtitle": "184 g",
    "category": { "sub": "Kjeks", "parent": "Kaker, kjeks og desserter" },
    "price": { "price": 39.9, "unitPrice": 216.85, "unit": "kg", "qty": 0.18 }
  },
  {
    "title": "Ballerina Kjeks",
    "subtitle": "Nougat, 205 g",
    "category": { "sub": "Kjeks", "parent": "Kaker, kjeks og desserter" },
    "price": { "price": 25.4, "unitPrice": 123.9, "unit": "kg", "qty": 0.21 }
  },
  {
    "title": "Safari Original",
    "subtitle": "200 g",
    "category": { "sub": "Kjeks", "parent": "Kaker, kjeks og desserter" },
    "price": { "price": 21.4, "unitPrice": 107, "unit": "kg", "qty": 0.2 }
  },
  {
    "title": "Tynne Speltkjeks Sætres Beste",
    "subtitle": "100 g",
    "category": { "sub": "Kjeks", "parent": "Kaker, kjeks og desserter" },
    "price": { "price": 34.8, "unitPrice": 348, "unit": "kg", "qty": 0.1 }
  },
  {
    "title": "Sætres Beste Surdeigskjeks",
    "subtitle": "100 g",
    "category": { "sub": "Kjeks", "parent": "Kaker, kjeks og desserter" },
    "price": { "price": 33.4, "unitPrice": 334, "unit": "kg", "qty": 0.1 }
  },
  {
    "title": "Sætres Beste",
    "subtitle": "5 Beste til Ost, 170 g",
    "category": { "sub": "Kjeks", "parent": "Kaker, kjeks og desserter" },
    "price": { "price": 72.8, "unitPrice": 428.24, "unit": "kg", "qty": 0.17 }
  },
  {
    "title": "Sætres Beste",
    "subtitle": "Salinas, 200 g",
    "category": { "sub": "Kjeks", "parent": "Kaker, kjeks og desserter" },
    "price": { "price": 44.8, "unitPrice": 224, "unit": "kg", "qty": 0.2 }
  },
  {
    "title": "Cookieglede Sjokofyll",
    "subtitle": "182 g",
    "category": { "sub": "Kjeks", "parent": "Kaker, kjeks og desserter" },
    "price": { "price": 47.3, "unitPrice": 259.89, "unit": "kg", "qty": 0.18 }
  },
  {
    "title": "Sjokoklem",
    "subtitle": "180 g",
    "category": { "sub": "Kjeks", "parent": "Kaker, kjeks og desserter" },
    "price": { "price": 41.8, "unitPrice": 232.22, "unit": "kg", "qty": 0.18 }
  },
  {
    "title": "Sjokopinner",
    "subtitle": "144 g",
    "category": { "sub": "Kjeks", "parent": "Kaker, kjeks og desserter" },
    "price": { "price": 31.8, "unitPrice": 220.83, "unit": "kg", "qty": 0.14 }
  },
  {
    "title": "Kapteinkjeks",
    "subtitle": "200 g",
    "category": { "sub": "Kjeks", "parent": "Kaker, kjeks og desserter" },
    "price": { "price": 20.8, "unitPrice": 104, "unit": "kg", "qty": 0.2 }
  },
  {
    "title": "Kornmo 7",
    "subtitle": "Frokostkjeks, 240 g",
    "category": { "sub": "Kjeks", "parent": "Kaker, kjeks og desserter" },
    "price": { "price": 41.8, "unitPrice": 174.17, "unit": "kg", "qty": 0.24 }
  },
  {
    "title": "Kornmo Fullkornscookie Sjokolade",
    "subtitle": "200 g",
    "category": { "sub": "Kjeks", "parent": "Kaker, kjeks og desserter" },
    "price": { "price": 42.4, "unitPrice": 212, "unit": "kg", "qty": 0.2 }
  },
  {
    "title": "Kornmo Fullkornscookie Tranbær",
    "subtitle": "200 g",
    "category": { "sub": "Kjeks", "parent": "Kaker, kjeks og desserter" },
    "price": { "price": 45.8, "unitPrice": 229, "unit": "kg", "qty": 0.2 }
  },
  {
    "title": "Cafe Bakeriet Sjokoladetrio",
    "subtitle": "200 g",
    "category": { "sub": "Kjeks", "parent": "Kaker, kjeks og desserter" },
    "price": { "price": 49.8, "unitPrice": 249, "unit": "kg", "qty": 0.2 }
  },
  {
    "title": "Minitoast m/Kvede",
    "subtitle": "Kvede, Pekannøtter & Valmuefrø, 100 g",
    "category": { "sub": "Kjeks", "parent": "Kaker, kjeks og desserter" },
    "price": { "price": 73.8, "unitPrice": 738, "unit": "kg", "qty": 0.1 }
  },
  {
    "title": "Minitoast m/Kirsebær",
    "subtitle": "Kirsebær, Mandler og Linfrø, 100 g",
    "category": { "sub": "Kjeks", "parent": "Kaker, kjeks og desserter" },
    "price": { "price": 73.8, "unitPrice": 738, "unit": "kg", "qty": 0.1 }
  },
  {
    "title": "Minitoast m/Aprikos",
    "subtitle": "Aprikos, Nøtter & Solsikkefrø, 100 g",
    "category": { "sub": "Kjeks", "parent": "Kaker, kjeks og desserter" },
    "price": { "price": 73.8, "unitPrice": 738, "unit": "kg", "qty": 0.1 }
  },
  {
    "title": "Minitoast m/Dadler",
    "subtitle": "Dadler, Nøtter & Gresskarfrø, 100 g",
    "category": { "sub": "Kjeks", "parent": "Kaker, kjeks og desserter" },
    "price": { "price": 73.8, "unitPrice": 738, "unit": "kg", "qty": 0.1 }
  },
  {
    "title": "Tom & Jerry",
    "subtitle": "175 g",
    "category": { "sub": "Kjeks", "parent": "Kaker, kjeks og desserter" },
    "price": { "price": 29.9, "unitPrice": 170.86, "unit": "kg", "qty": 0.17 }
  },
  {
    "title": "Bixit",
    "subtitle": "Sjokolade, 200 g",
    "category": { "sub": "Kjeks", "parent": "Kaker, kjeks og desserter" },
    "price": { "price": 23.4, "unitPrice": 117, "unit": "kg", "qty": 0.2 }
  },
  {
    "title": "Bixit Orginal",
    "subtitle": "300 g",
    "category": { "sub": "Kjeks", "parent": "Kaker, kjeks og desserter" },
    "price": { "price": 20.2, "unitPrice": 67.33, "unit": "kg", "qty": 0.3 }
  },
  {
    "title": "Bixit Havrebar Mandel",
    "subtitle": "4 stk, 120 g",
    "category": { "sub": "Kjeks", "parent": "Kaker, kjeks og desserter" },
    "price": { "price": 43.4, "unitPrice": 361.67, "unit": "kg", "qty": 0.12 }
  },
  {
    "title": "Ballerina Melkesjokolade",
    "subtitle": "205 g",
    "category": { "sub": "Kjeks", "parent": "Kaker, kjeks og desserter" },
    "price": { "price": 30.4, "unitPrice": 148.29, "unit": "kg", "qty": 0.21 }
  },
  {
    "title": "Gjende",
    "subtitle": "Original, 220 g",
    "category": { "sub": "Kjeks", "parent": "Kaker, kjeks og desserter" },
    "price": { "price": 27.6, "unitPrice": 125.45, "unit": "kg", "qty": 0.22 }
  },
  {
    "title": "Gjende Sjokolade",
    "subtitle": "183 g",
    "category": { "sub": "Kjeks", "parent": "Kaker, kjeks og desserter" },
    "price": { "price": 41, "unitPrice": 224.04, "unit": "kg", "qty": 0.18 }
  },
  {
    "title": "Mariekjeks",
    "subtitle": "200 g",
    "category": { "sub": "Kjeks", "parent": "Kaker, kjeks og desserter" },
    "price": { "price": 11, "unitPrice": 55, "unit": "kg", "qty": 0.2 }
  },
  {
    "title": "Sjokoringer",
    "subtitle": "165 g",
    "category": { "sub": "Kjeks", "parent": "Kaker, kjeks og desserter" },
    "price": { "price": 31.8, "unitPrice": 192.73, "unit": "kg", "qty": 0.16 }
  },
  {
    "title": "TUC Paprika",
    "subtitle": "100 g",
    "category": { "sub": "Kjeks", "parent": "Kaker, kjeks og desserter" },
    "price": { "price": 18.4, "unitPrice": 184, "unit": "kg", "qty": 0.1 }
  },
  {
    "title": "TUC Sour Cream & Onion",
    "subtitle": "100 g",
    "category": { "sub": "Kjeks", "parent": "Kaker, kjeks og desserter" },
    "price": { "price": 18.8, "unitPrice": 188, "unit": "kg", "qty": 0.1 }
  },
  {
    "title": "TUC Salt",
    "subtitle": "100 g",
    "category": { "sub": "Kjeks", "parent": "Kaker, kjeks og desserter" },
    "price": { "price": 18.4, "unitPrice": 184, "unit": "kg", "qty": 0.1 }
  },
  {
    "title": "TUC Sweet Chili",
    "subtitle": "100 g",
    "category": { "sub": "Kjeks", "parent": "Kaker, kjeks og desserter" },
    "price": { "price": 18.8, "unitPrice": 188, "unit": "kg", "qty": 0.1 }
  },
  {
    "title": "Digestive",
    "subtitle": "400 g",
    "category": { "sub": "Kjeks", "parent": "Kaker, kjeks og desserter" },
    "price": { "price": 32.8, "unitPrice": 82, "unit": "kg", "qty": 0.4 }
  },
  {
    "title": "Digestive Fullkorn",
    "subtitle": "400 g",
    "category": { "sub": "Kjeks", "parent": "Kaker, kjeks og desserter" },
    "price": { "price": 26.8, "unitPrice": 67, "unit": "kg", "qty": 0.4 }
  },
  {
    "title": "Gullvafler Vanilje",
    "subtitle": "250 g",
    "category": { "sub": "Kjeks", "parent": "Kaker, kjeks og desserter" },
    "price": { "price": 37.4, "unitPrice": 149.6, "unit": "kg", "qty": 0.25 }
  },
  {
    "title": "Gjende Eventyrkjeks",
    "subtitle": "175 g",
    "category": { "sub": "Kjeks", "parent": "Kaker, kjeks og desserter" },
    "price": { "price": 21.9, "unitPrice": 125.14, "unit": "kg", "qty": 0.18 }
  },
  {
    "title": "Start Kjeks",
    "subtitle": "125 g",
    "category": { "sub": "Kjeks", "parent": "Kaker, kjeks og desserter" },
    "price": { "price": 37.8, "unitPrice": 302.4, "unit": "kg", "qty": 0.13 }
  },
  {
    "title": "Meulen Melba Toast",
    "subtitle": "100 g",
    "category": { "sub": "Kjeks", "parent": "Kaker, kjeks og desserter" },
    "price": { "price": 38.2, "unitPrice": 382, "unit": "kg", "qty": 0.1 }
  },
  {
    "title": "Meulen Melba Toast Rund",
    "subtitle": "110 g",
    "category": { "sub": "Kjeks", "parent": "Kaker, kjeks og desserter" },
    "price": { "price": 28.4, "unitPrice": 258.18, "unit": "kg", "qty": 0.11 }
  },
  {
    "title": "Beste kräcker",
    "subtitle": "150 g",
    "category": { "sub": "Kjeks", "parent": "Kaker, kjeks og desserter" },
    "price": { "price": 21.8, "unitPrice": 145.33, "unit": "kg", "qty": 0.15 }
  },
  {
    "title": "Piruett Kjeks",
    "subtitle": "Glutenfri, 110 g",
    "category": { "sub": "Kjeks", "parent": "Kaker, kjeks og desserter" },
    "price": { "price": 39.8, "unitPrice": 361.82, "unit": "kg", "qty": 0.11 }
  },
  {
    "title": "Havre Digestive",
    "subtitle": "Glutenfri, 150 g",
    "category": { "sub": "Kjeks", "parent": "Kaker, kjeks og desserter" },
    "price": { "price": 48.8, "unitPrice": 325.33, "unit": "kg", "qty": 0.15 }
  },
  {
    "title": "White Choco Nut Cookies",
    "subtitle": "Glutenfri, 150 g",
    "category": { "sub": "Kjeks", "parent": "Kaker, kjeks og desserter" },
    "price": { "price": 55.8, "unitPrice": 372, "unit": "kg", "qty": 0.15 }
  },
  {
    "title": "Mariekjeks",
    "subtitle": "600 g",
    "category": { "sub": "Kjeks", "parent": "Kaker, kjeks og desserter" },
    "price": { "price": 14, "unitPrice": 23.33, "unit": "kg", "qty": 0.6 }
  },
  {
    "title": "Cookies Choc Chip",
    "subtitle": "450 g",
    "category": { "sub": "Kjeks", "parent": "Kaker, kjeks og desserter" },
    "price": { "price": 34.7, "unitPrice": 77.11, "unit": "kg", "qty": 0.45 }
  },
  {
    "title": "Orange Cookies",
    "subtitle": "300 g",
    "category": { "sub": "Kjeks", "parent": "Kaker, kjeks og desserter" },
    "price": { "price": 25.1, "unitPrice": 83.67, "unit": "kg", "qty": 0.3 }
  },
  {
    "title": "Salted Caramel Chocolate Cookie",
    "subtitle": "Glutenfri, 150 g",
    "category": { "sub": "Kjeks", "parent": "Kaker, kjeks og desserter" },
    "price": { "price": 54.2, "unitPrice": 361.33, "unit": "kg", "qty": 0.15 }
  },
  {
    "title": "Triple Choco Cookies",
    "subtitle": "Glutenfri, 150 g",
    "category": { "sub": "Kjeks", "parent": "Kaker, kjeks og desserter" },
    "price": { "price": 55.4, "unitPrice": 369.33, "unit": "kg", "qty": 0.15 }
  },
  {
    "title": "Sibas Havrekjeks",
    "subtitle": "290 g",
    "category": { "sub": "Kjeks", "parent": "Kaker, kjeks og desserter" },
    "price": { "price": 22.7, "unitPrice": 78.28, "unit": "kg", "qty": 0.29 }
  },
  {
    "title": "Cookieglede Mørk Myk Inni",
    "subtitle": "182 g",
    "category": { "sub": "Kjeks", "parent": "Kaker, kjeks og desserter" },
    "price": { "price": 43.3, "unitPrice": 237.91, "unit": "kg", "qty": 0.18 }
  },
  {
    "title": "Cookieglede Myk inni",
    "subtitle": "182 g",
    "category": { "sub": "Kjeks", "parent": "Kaker, kjeks og desserter" },
    "price": { "price": 43, "unitPrice": 236.26, "unit": "kg", "qty": 0.18 }
  },
  {
    "title": "Fikenterte",
    "subtitle": "Tilbehør til Ost, 50 g",
    "category": { "sub": "Kjeks", "parent": "Kaker, kjeks og desserter" },
    "price": { "price": 31.6, "unitPrice": 632, "unit": "kg", "qty": 0.05 }
  },
  {
    "title": "Café Bakeriet Myk Karamell",
    "subtitle": "200 g",
    "category": { "sub": "Kjeks", "parent": "Kaker, kjeks og desserter" },
    "price": { "price": 49.8, "unitPrice": 249, "unit": "kg", "qty": 0.2 }
  },
  {
    "title": "Cafe Bakeriet Myk sjokolade",
    "subtitle": "200 g",
    "category": { "sub": "Kjeks", "parent": "Kaker, kjeks og desserter" },
    "price": { "price": 47.9, "unitPrice": 239.5, "unit": "kg", "qty": 0.2 }
  },
  {
    "title": "Havrekjeks med Blåbær",
    "subtitle": "300 g",
    "category": { "sub": "Kjeks", "parent": "Kaker, kjeks og desserter" },
    "price": { "price": 48.9, "unitPrice": 163, "unit": "kg", "qty": 0.3 }
  },
  {
    "title": "Havrekjeks med Hasselnøtter",
    "subtitle": "300 g",
    "category": { "sub": "Kjeks", "parent": "Kaker, kjeks og desserter" },
    "price": { "price": 48.9, "unitPrice": 163, "unit": "kg", "qty": 0.3 }
  },
  {
    "title": "Havrekjeks med Kirsebær",
    "subtitle": "300 g",
    "category": { "sub": "Kjeks", "parent": "Kaker, kjeks og desserter" },
    "price": { "price": 48.9, "unitPrice": 163, "unit": "kg", "qty": 0.3 }
  },
  {
    "title": "Havrekjeks med Mandel & Sjokolade",
    "subtitle": "300 g",
    "category": { "sub": "Kjeks", "parent": "Kaker, kjeks og desserter" },
    "price": { "price": 48.9, "unitPrice": 163, "unit": "kg", "qty": 0.3 }
  },
  {
    "title": "Oreo Rull Dobbel",
    "subtitle": "157 g",
    "category": { "sub": "Kjeks", "parent": "Kaker, kjeks og desserter" },
    "price": { "price": 24.8, "unitPrice": 157.96, "unit": "kg", "qty": 0.16 }
  },
  {
    "title": "Oreo",
    "subtitle": "176 g",
    "category": { "sub": "Kjeks", "parent": "Kaker, kjeks og desserter" },
    "price": { "price": 40.5, "unitPrice": 230.11, "unit": "kg", "qty": 0.18 }
  },
  {
    "title": "Oreo",
    "subtitle": "66 g",
    "category": { "sub": "Kjeks", "parent": "Kaker, kjeks og desserter" },
    "price": { "price": 15.4, "unitPrice": 233.33, "unit": "kg", "qty": 0.07 }
  },
  {
    "title": "Oreo Crispy & Thin",
    "subtitle": "96 g",
    "category": { "sub": "Kjeks", "parent": "Kaker, kjeks og desserter" },
    "price": { "price": 24.2, "unitPrice": 252.08, "unit": "kg", "qty": 0.1 }
  },
  {
    "title": "Oreo Crispy & Thin Sjokolade",
    "subtitle": "96 g",
    "category": { "sub": "Kjeks", "parent": "Kaker, kjeks og desserter" },
    "price": { "price": 31.1, "unitPrice": 323.96, "unit": "kg", "qty": 0.1 }
  },
  {
    "title": "Oreo Golden",
    "subtitle": "154 g",
    "category": { "sub": "Kjeks", "parent": "Kaker, kjeks og desserter" },
    "price": { "price": 35.6, "unitPrice": 231.17, "unit": "kg", "qty": 0.15 }
  },
  {
    "title": "Oreo Mini",
    "subtitle": "115 g",
    "category": { "sub": "Kjeks", "parent": "Kaker, kjeks og desserter" },
    "price": { "price": 33.8, "unitPrice": 293.91, "unit": "kg", "qty": 0.12 }
  },
  {
    "title": "Ritz Breaks Original",
    "subtitle": "190 g",
    "category": { "sub": "Kjeks", "parent": "Kaker, kjeks og desserter" },
    "price": { "price": 35.8, "unitPrice": 188.42, "unit": "kg", "qty": 0.19 }
  },
  {
    "title": "Snackers Salt",
    "subtitle": "120 g",
    "category": { "sub": "Kjeks", "parent": "Kaker, kjeks og desserter" },
    "price": { "price": 20.4, "unitPrice": 170, "unit": "kg", "qty": 0.12 }
  },
  {
    "title": "Gammeldagse Kokosboller",
    "subtitle": "8 stk, 180 g",
    "category": { "sub": "Småkaker", "parent": "Kaker, kjeks og desserter" },
    "price": { "price": 54.8, "unitPrice": 304.44, "unit": "kg", "qty": 0.18 }
  },
  {
    "title": "Makroner",
    "subtitle": "12 stk, 132 g",
    "category": { "sub": "Småkaker", "parent": "Kaker, kjeks og desserter" },
    "price": { "price": 54.8, "unitPrice": 415.15, "unit": "kg", "qty": 0.13 }
  },
  {
    "title": "Brownie Bite Size",
    "subtitle": "8 biter, 144 g",
    "category": { "sub": "Småkaker", "parent": "Kaker, kjeks og desserter" },
    "price": { "price": 27.6, "unitPrice": 191.67, "unit": "kg", "qty": 0.14 }
  },
  {
    "title": "Sjokoladekake",
    "subtitle": "350 g",
    "category": { "sub": "Småkaker", "parent": "Kaker, kjeks og desserter" },
    "price": { "price": 46.6, "unitPrice": 133.14, "unit": "kg", "qty": 0.35 }
  },
  {
    "title": "Sitronkake Med Glasur",
    "subtitle": "350 g",
    "category": { "sub": "Småkaker", "parent": "Kaker, kjeks og desserter" },
    "price": { "price": 34.6, "unitPrice": 98.86, "unit": "kg", "qty": 0.35 }
  },
  {
    "title": "Gulrotkake",
    "subtitle": "350 g",
    "category": { "sub": "Småkaker", "parent": "Kaker, kjeks og desserter" },
    "price": { "price": 43.6, "unitPrice": 124.57, "unit": "kg", "qty": 0.35 }
  },
  {
    "title": "Cheesecake Salted Caramel",
    "subtitle": "500 g",
    "category": { "sub": "Småkaker", "parent": "Kaker, kjeks og desserter" },
    "price": { "price": 74.4, "unitPrice": 148.8, "unit": "kg", "qty": 0.5 }
  },
  {
    "title": "Cheesecake Strawberry",
    "subtitle": "550 g",
    "category": { "sub": "Småkaker", "parent": "Kaker, kjeks og desserter" },
    "price": { "price": 83.7, "unitPrice": 152.18, "unit": "kg", "qty": 0.55 }
  },
  {
    "title": "Mini-Berliner Raspberry",
    "subtitle": "175 g",
    "category": { "sub": "Småkaker", "parent": "Kaker, kjeks og desserter" },
    "price": { "price": 33.1, "unitPrice": 189.14, "unit": "kg", "qty": 0.18 }
  },
  {
    "title": "Ostekake Toffee",
    "subtitle": "455 g",
    "category": { "sub": "Småkaker", "parent": "Kaker, kjeks og desserter" },
    "price": { "price": 49.9, "unitPrice": 109.67, "unit": "kg", "qty": 0.46 }
  },
  {
    "title": "Eple Crumble",
    "subtitle": "500 g",
    "category": { "sub": "Småkaker", "parent": "Kaker, kjeks og desserter" },
    "price": { "price": 49.9, "unitPrice": 99.8, "unit": "kg", "qty": 0.5 }
  },
  {
    "title": "Kanelsnurrer",
    "subtitle": "12 stk, 420 g",
    "category": { "sub": "Småkaker", "parent": "Kaker, kjeks og desserter" },
    "price": { "price": 40.5, "unitPrice": 96.43, "unit": "kg", "qty": 0.42 }
  },
  {
    "title": "Mandelkake Suksess",
    "subtitle": "400 g",
    "category": { "sub": "Småkaker", "parent": "Kaker, kjeks og desserter" },
    "price": { "price": 70.1, "unitPrice": 175.25, "unit": "kg", "qty": 0.4 }
  },
  {
    "title": "Mini Vannbakkels",
    "subtitle": "20 stk, 250 g",
    "category": { "sub": "Småkaker", "parent": "Kaker, kjeks og desserter" },
    "price": { "price": 33.1, "unitPrice": 132.4, "unit": "kg", "qty": 0.25 }
  },
  {
    "title": "Croissant",
    "subtitle": "6 stk, 360 g",
    "category": { "sub": "Småkaker", "parent": "Kaker, kjeks og desserter" },
    "price": { "price": 32.6, "unitPrice": 90.56, "unit": "kg", "qty": 0.36 }
  },
  {
    "title": "Peanøtt & Karamellkake",
    "subtitle": "420 g",
    "category": { "sub": "Småkaker", "parent": "Kaker, kjeks og desserter" },
    "price": { "price": 80.3, "unitPrice": 191.19, "unit": "kg", "qty": 0.42 }
  },
  {
    "title": "Soft Brownie",
    "subtitle": "410 g",
    "category": { "sub": "Småkaker", "parent": "Kaker, kjeks og desserter" },
    "price": { "price": 38, "unitPrice": 92.68, "unit": "kg", "qty": 0.41 }
  },
  {
    "title": "Sjokoladekake",
    "subtitle": "Glutenfri, 400 g",
    "category": { "sub": "Småkaker", "parent": "Kaker, kjeks og desserter" },
    "price": { "price": 96.9, "unitPrice": 242.25, "unit": "kg", "qty": 0.4 }
  },
  {
    "title": "Bakeverket Smultringer",
    "subtitle": "12 stk, 408 g",
    "category": { "sub": "Småkaker", "parent": "Kaker, kjeks og desserter" },
    "price": { "price": 35.8, "unitPrice": 87.75, "unit": "kg", "qty": 0.41 }
  },
  {
    "title": "Sjokomums",
    "subtitle": "4 stk, 200 g",
    "category": { "sub": "Småkaker", "parent": "Kaker, kjeks og desserter" },
    "price": { "price": 38.9, "unitPrice": 194.5, "unit": "kg", "qty": 0.2 }
  },
  {
    "title": "Terteskjell",
    "subtitle": "210 g",
    "category": { "sub": "Småkaker", "parent": "Kaker, kjeks og desserter" },
    "price": { "price": 39.4, "unitPrice": 187.62, "unit": "kg", "qty": 0.21 }
  },
  {
    "title": "Eplekake",
    "subtitle": "Med Eplesyltetøy, 270 g",
    "category": { "sub": "Småkaker", "parent": "Kaker, kjeks og desserter" },
    "price": { "price": 38.2, "unitPrice": 141.48, "unit": "kg", "qty": 0.27 }
  },
  {
    "title": "Sjokoladekake",
    "subtitle": "Med Sjokobiter, 270 g",
    "category": { "sub": "Småkaker", "parent": "Kaker, kjeks og desserter" },
    "price": { "price": 38.2, "unitPrice": 141.48, "unit": "kg", "qty": 0.27 }
  },
  {
    "title": "Sitronkake Bringebær",
    "subtitle": "270 g",
    "category": { "sub": "Småkaker", "parent": "Kaker, kjeks og desserter" },
    "price": { "price": 38.2, "unitPrice": 141.48, "unit": "kg", "qty": 0.27 }
  },
  {
    "title": "Warburtons Crumpets",
    "subtitle": "6 stk, 275 g",
    "category": { "sub": "Småkaker", "parent": "Kaker, kjeks og desserter" },
    "price": { "price": 34.9, "unitPrice": 126.91, "unit": "kg", "qty": 0.27 }
  },
  {
    "title": "Fikenterte",
    "subtitle": "Tilbehør til Ost, 50 g",
    "category": { "sub": "Småkaker", "parent": "Kaker, kjeks og desserter" },
    "price": { "price": 31.6, "unitPrice": 632, "unit": "kg", "qty": 0.05 }
  },
  {
    "title": "Kransekake",
    "subtitle": "18 ringer, 900 g",
    "category": { "sub": "Småkaker", "parent": "Kaker, kjeks og desserter" },
    "price": { "price": 249, "unitPrice": 276.67, "unit": "kg", "qty": 0.9 }
  },
  {
    "title": "Pepperkaker",
    "subtitle": "300 g",
    "category": { "sub": "Småkaker", "parent": "Kaker, kjeks og desserter" },
    "price": { "price": 9.9, "unitPrice": 16.5, "unit": "kg", "qty": 0.6 }
  },
  {
    "title": "Gifflar Kanel",
    "subtitle": "300 g",
    "category": {
      "sub": "Boller og lefser",
      "parent": "Kaker, kjeks og desserter"
    },
    "price": { "price": 25, "unitPrice": 83.33, "unit": "kg", "qty": 0.3 }
  },
  {
    "title": "Lefsegodt",
    "subtitle": "2 stk, 220 g",
    "category": {
      "sub": "Boller og lefser",
      "parent": "Kaker, kjeks og desserter"
    },
    "price": { "price": 17.4, "unitPrice": 79.09, "unit": "kg", "qty": 0.22 }
  },
  {
    "title": "Kanelsnurrer",
    "subtitle": "12 stk, 420 g",
    "category": {
      "sub": "Boller og lefser",
      "parent": "Kaker, kjeks og desserter"
    },
    "price": { "price": 40.5, "unitPrice": 96.43, "unit": "kg", "qty": 0.42 }
  },
  {
    "title": "Lefsegodt Kanel",
    "subtitle": "2 stk, 240 g",
    "category": {
      "sub": "Boller og lefser",
      "parent": "Kaker, kjeks og desserter"
    },
    "price": { "price": 15.8, "unitPrice": 65.83, "unit": "kg", "qty": 0.24 }
  },
  {
    "title": "Croissant",
    "subtitle": "6 stk, 360 g",
    "category": {
      "sub": "Boller og lefser",
      "parent": "Kaker, kjeks og desserter"
    },
    "price": { "price": 32.6, "unitPrice": 90.56, "unit": "kg", "qty": 0.36 }
  },
  {
    "title": "Kanelboller Glutenfri",
    "subtitle": "230 g",
    "category": {
      "sub": "Boller og lefser",
      "parent": "Kaker, kjeks og desserter"
    },
    "price": { "price": 65.8, "unitPrice": 286.09, "unit": "kg", "qty": 0.23 }
  },
  {
    "title": "Kanelsnurrer",
    "subtitle": "Glutenfri, 280 g",
    "category": {
      "sub": "Boller og lefser",
      "parent": "Kaker, kjeks og desserter"
    },
    "price": { "price": 75.2, "unitPrice": 268.57, "unit": "kg", "qty": 0.28 }
  },
  {
    "title": "Lefsegodt",
    "subtitle": "6 stk, 330 g",
    "category": {
      "sub": "Boller og lefser",
      "parent": "Kaker, kjeks og desserter"
    },
    "price": { "price": 34.9, "unitPrice": 105.76, "unit": "kg", "qty": 0.33 }
  },
  {
    "title": "Klenning Smørkrem",
    "subtitle": "260 g",
    "category": {
      "sub": "Boller og lefser",
      "parent": "Kaker, kjeks og desserter"
    },
    "price": { "price": 33.4, "unitPrice": 128.46, "unit": "kg", "qty": 0.26 }
  },
  {
    "title": "Tortillachips",
    "subtitle": "Ost, 185 g",
    "category": {
      "sub": "Potetchips og snacks",
      "parent": "Snacks og godteri"
    },
    "price": { "price": 42.4, "unitPrice": 229.19, "unit": "kg", "qty": 0.18 }
  },
  {
    "title": "Cheez Doodles",
    "subtitle": "Original, 235 g",
    "category": {
      "sub": "Potetchips og snacks",
      "parent": "Snacks og godteri"
    },
    "price": { "price": 39.7, "unitPrice": 168.94, "unit": "kg", "qty": 0.23 }
  },
  {
    "title": "Cheez Doodles",
    "subtitle": "120 g",
    "category": {
      "sub": "Potetchips og snacks",
      "parent": "Snacks og godteri"
    },
    "price": { "price": 20.3, "unitPrice": 169.17, "unit": "kg", "qty": 0.12 }
  },
  {
    "title": "Potetgull Classic Salt",
    "subtitle": "240 g",
    "category": {
      "sub": "Potetchips og snacks",
      "parent": "Snacks og godteri"
    },
    "price": { "price": 26.6, "unitPrice": 110.83, "unit": "kg", "qty": 0.24 }
  },
  {
    "title": "Spicy Cheddar",
    "subtitle": "200 g",
    "category": {
      "sub": "Potetchips og snacks",
      "parent": "Snacks og godteri"
    },
    "price": { "price": 24.9, "unitPrice": 124.5, "unit": "kg", "qty": 0.2 }
  },
  {
    "title": "Potetchips Salt",
    "subtitle": "250 g",
    "category": {
      "sub": "Potetchips og snacks",
      "parent": "Snacks og godteri"
    },
    "price": { "price": 41.6, "unitPrice": 166.4, "unit": "kg", "qty": 0.25 }
  },
  {
    "title": "Potetchips Salt & Pepper",
    "subtitle": "250 g",
    "category": {
      "sub": "Potetchips og snacks",
      "parent": "Snacks og godteri"
    },
    "price": { "price": 39.8, "unitPrice": 159.2, "unit": "kg", "qty": 0.25 }
  },
  {
    "title": "Mexican Fiesta Kims",
    "subtitle": "200 g",
    "category": {
      "sub": "Potetchips og snacks",
      "parent": "Snacks og godteri"
    },
    "price": { "price": 30.8, "unitPrice": 154, "unit": "kg", "qty": 0.2 }
  },
  {
    "title": "Potetchips Sourcream & Onion",
    "subtitle": "200 g",
    "category": {
      "sub": "Potetchips og snacks",
      "parent": "Snacks og godteri"
    },
    "price": { "price": 31.8, "unitPrice": 159, "unit": "kg", "qty": 0.2 }
  },
  {
    "title": "Potetchips Paprika",
    "subtitle": "250 g",
    "category": {
      "sub": "Potetchips og snacks",
      "parent": "Snacks og godteri"
    },
    "price": { "price": 39.8, "unitPrice": 159.2, "unit": "kg", "qty": 0.25 }
  },
  {
    "title": "Snack Chips",
    "subtitle": "180 g",
    "category": {
      "sub": "Potetchips og snacks",
      "parent": "Snacks og godteri"
    },
    "price": { "price": 45.4, "unitPrice": 252.22, "unit": "kg", "qty": 0.18 }
  },
  {
    "title": "Superchips Holiday",
    "subtitle": "140 g",
    "category": {
      "sub": "Potetchips og snacks",
      "parent": "Snacks og godteri"
    },
    "price": { "price": 33.5, "unitPrice": 239.29, "unit": "kg", "qty": 0.14 }
  },
  {
    "title": "Superchips Paprika",
    "subtitle": "140 g",
    "category": {
      "sub": "Potetchips og snacks",
      "parent": "Snacks og godteri"
    },
    "price": { "price": 33.5, "unitPrice": 239.29, "unit": "kg", "qty": 0.14 }
  },
  {
    "title": "Superchips",
    "subtitle": "Salt, 140 g",
    "category": {
      "sub": "Potetchips og snacks",
      "parent": "Snacks og godteri"
    },
    "price": { "price": 28.9, "unitPrice": 206.43, "unit": "kg", "qty": 0.14 }
  },
  {
    "title": "Supermix Paprika",
    "subtitle": "135 g",
    "category": {
      "sub": "Potetchips og snacks",
      "parent": "Snacks og godteri"
    },
    "price": { "price": 47.9, "unitPrice": 354.81, "unit": "kg", "qty": 0.14 }
  },
  {
    "title": "Potetgull Sourcream & Paprika",
    "subtitle": "200 g",
    "category": {
      "sub": "Potetchips og snacks",
      "parent": "Snacks og godteri"
    },
    "price": { "price": 33.9, "unitPrice": 169.5, "unit": "kg", "qty": 0.2 }
  },
  {
    "title": "Potetgull Sourcream & Onion",
    "subtitle": "200 g",
    "category": {
      "sub": "Potetchips og snacks",
      "parent": "Snacks og godteri"
    },
    "price": { "price": 31.8, "unitPrice": 159, "unit": "kg", "qty": 0.2 }
  },
  {
    "title": "Potetgull Ost & Løk",
    "subtitle": "200 g",
    "category": {
      "sub": "Potetchips og snacks",
      "parent": "Snacks og godteri"
    },
    "price": { "price": 35.4, "unitPrice": 177, "unit": "kg", "qty": 0.2 }
  },
  {
    "title": "Potetgull Paprika",
    "subtitle": "250 g",
    "category": {
      "sub": "Potetchips og snacks",
      "parent": "Snacks og godteri"
    },
    "price": { "price": 26.9, "unitPrice": 107.6, "unit": "kg", "qty": 0.25 }
  },
  {
    "title": "Potetgull Classic",
    "subtitle": "Salt & Pepper, 250 g",
    "category": {
      "sub": "Potetchips og snacks",
      "parent": "Snacks og godteri"
    },
    "price": { "price": 29.9, "unitPrice": 119.6, "unit": "kg", "qty": 0.25 }
  },
  {
    "title": "Maarud Potetgull Saftig Biff",
    "subtitle": "250 g",
    "category": {
      "sub": "Potetchips og snacks",
      "parent": "Snacks og godteri"
    },
    "price": { "price": 33.5, "unitPrice": 134, "unit": "kg", "qty": 0.25 }
  },
  {
    "title": "Totenflak Skråkutta Paprika",
    "subtitle": "180 g",
    "category": {
      "sub": "Potetchips og snacks",
      "parent": "Snacks og godteri"
    },
    "price": { "price": 31.5, "unitPrice": 175, "unit": "kg", "qty": 0.18 }
  },
  {
    "title": "Totenflak Salta",
    "subtitle": "180 g",
    "category": {
      "sub": "Potetchips og snacks",
      "parent": "Snacks og godteri"
    },
    "price": { "price": 29.8, "unitPrice": 165.56, "unit": "kg", "qty": 0.18 }
  },
  {
    "title": "Totenflak Salta & Pepra",
    "subtitle": "180 g",
    "category": {
      "sub": "Potetchips og snacks",
      "parent": "Snacks og godteri"
    },
    "price": { "price": 33.8, "unitPrice": 187.78, "unit": "kg", "qty": 0.18 }
  },
  {
    "title": "Havsalt",
    "subtitle": "195 g",
    "category": {
      "sub": "Potetchips og snacks",
      "parent": "Snacks og godteri"
    },
    "price": { "price": 17.9, "unitPrice": 91.79, "unit": "kg", "qty": 0.2 }
  },
  {
    "title": "Spansk Paprika",
    "subtitle": "200 g",
    "category": {
      "sub": "Potetchips og snacks",
      "parent": "Snacks og godteri"
    },
    "price": { "price": 28.8, "unitPrice": 144, "unit": "kg", "qty": 0.2 }
  },
  {
    "title": "Creme Fraiche",
    "subtitle": "195 g",
    "category": {
      "sub": "Potetchips og snacks",
      "parent": "Snacks og godteri"
    },
    "price": { "price": 25.8, "unitPrice": 132.31, "unit": "kg", "qty": 0.19 }
  },
  {
    "title": "Sørlandschips Verdens Tynneste Havsalt",
    "subtitle": "250 g",
    "category": {
      "sub": "Potetchips og snacks",
      "parent": "Snacks og godteri"
    },
    "price": { "price": 39.9, "unitPrice": 159.6, "unit": "kg", "qty": 0.25 }
  },
  {
    "title": "Sørlandschips Verdens Tynneste Havsalt og Pepper",
    "subtitle": "250 g",
    "category": {
      "sub": "Potetchips og snacks",
      "parent": "Snacks og godteri"
    },
    "price": { "price": 39.9, "unitPrice": 159.6, "unit": "kg", "qty": 0.25 }
  },
  {
    "title": "Poppa Spansk Paprika",
    "subtitle": "75 g",
    "category": {
      "sub": "Potetchips og snacks",
      "parent": "Snacks og godteri"
    },
    "price": { "price": 19.8, "unitPrice": 264, "unit": "kg", "qty": 0.07 }
  },
  {
    "title": "Potetsticks",
    "subtitle": "225 g",
    "category": {
      "sub": "Potetchips og snacks",
      "parent": "Snacks og godteri"
    },
    "price": { "price": 41.9, "unitPrice": 186.22, "unit": "kg", "qty": 0.23 }
  },
  {
    "title": "Micropopcorn",
    "subtitle": "3pk, 220 g",
    "category": {
      "sub": "Potetchips og snacks",
      "parent": "Snacks og godteri"
    },
    "price": { "price": 17.8, "unitPrice": 80.91, "unit": "kg", "qty": 0.22 }
  },
  {
    "title": "Popcorn Poppet",
    "subtitle": "75 g",
    "category": {
      "sub": "Potetchips og snacks",
      "parent": "Snacks og godteri"
    },
    "price": { "price": 21.8, "unitPrice": 290.67, "unit": "kg", "qty": 0.07 }
  },
  {
    "title": "Popcorn Upoppet",
    "subtitle": "400 g",
    "category": {
      "sub": "Potetchips og snacks",
      "parent": "Snacks og godteri"
    },
    "price": { "price": 34.7, "unitPrice": 86.75, "unit": "kg", "qty": 0.4 }
  },
  {
    "title": "French Fries Salt",
    "subtitle": "90 g",
    "category": {
      "sub": "Potetchips og snacks",
      "parent": "Snacks og godteri"
    },
    "price": { "price": 28.8, "unitPrice": 320, "unit": "kg", "qty": 0.09 }
  },
  {
    "title": "Goldfish",
    "subtitle": "165 g",
    "category": {
      "sub": "Potetchips og snacks",
      "parent": "Snacks og godteri"
    },
    "price": { "price": 46.1, "unitPrice": 279.39, "unit": "kg", "qty": 0.17 }
  },
  {
    "title": "Digg Salsa Dip Medium",
    "subtitle": "255 g",
    "category": {
      "sub": "Potetchips og snacks",
      "parent": "Snacks og godteri"
    },
    "price": { "price": 37.8, "unitPrice": 148.24, "unit": "kg", "qty": 0.25 }
  },
  {
    "title": "Dipmix",
    "subtitle": "Holiday, 3-pakk, 66 g",
    "category": {
      "sub": "Potetchips og snacks",
      "parent": "Snacks og godteri"
    },
    "price": { "price": 37.8, "unitPrice": 572.73, "unit": "kg", "qty": 0.07 }
  },
  {
    "title": "Dipmix Holiday",
    "subtitle": "22 g",
    "category": {
      "sub": "Potetchips og snacks",
      "parent": "Snacks og godteri"
    },
    "price": { "price": 16.8, "unitPrice": 763.64, "unit": "kg", "qty": 0.02 }
  },
  {
    "title": "Dipmix Hvitløk",
    "subtitle": "22 g",
    "category": {
      "sub": "Potetchips og snacks",
      "parent": "Snacks og godteri"
    },
    "price": { "price": 15.8, "unitPrice": 718.18, "unit": "kg", "qty": 0.02 }
  },
  {
    "title": "Dipmix Tortilla",
    "subtitle": "22 g",
    "category": {
      "sub": "Potetchips og snacks",
      "parent": "Snacks og godteri"
    },
    "price": { "price": 14.8, "unitPrice": 672.73, "unit": "kg", "qty": 0.02 }
  },
  {
    "title": "Tortilla Chips Paprika",
    "subtitle": "185 g",
    "category": {
      "sub": "Potetchips og snacks",
      "parent": "Snacks og godteri"
    },
    "price": { "price": 36.8, "unitPrice": 198.92, "unit": "kg", "qty": 0.18 }
  },
  {
    "title": "Tortillachips Sea Salt",
    "subtitle": "185 g",
    "category": {
      "sub": "Potetchips og snacks",
      "parent": "Snacks og godteri"
    },
    "price": { "price": 25.8, "unitPrice": 139.46, "unit": "kg", "qty": 0.18 }
  },
  {
    "title": "Tortilla Chips Chili",
    "subtitle": "185 g",
    "category": {
      "sub": "Potetchips og snacks",
      "parent": "Snacks og godteri"
    },
    "price": { "price": 26.8, "unitPrice": 144.86, "unit": "kg", "qty": 0.19 }
  },
  {
    "title": "Doritos Nacho Cheese",
    "subtitle": "170 g",
    "category": {
      "sub": "Potetchips og snacks",
      "parent": "Snacks og godteri"
    },
    "price": { "price": 44.9, "unitPrice": 264.12, "unit": "kg", "qty": 0.17 }
  },
  {
    "title": "Tortilla Mix",
    "subtitle": "Cheese & Hot Sweet Chili, 185 g",
    "category": {
      "sub": "Potetchips og snacks",
      "parent": "Snacks og godteri"
    },
    "price": { "price": 38.4, "unitPrice": 207.57, "unit": "kg", "qty": 0.18 }
  },
  {
    "title": "Tortillachips Ost",
    "subtitle": "200 g",
    "category": {
      "sub": "Potetchips og snacks",
      "parent": "Snacks og godteri"
    },
    "price": { "price": 14, "unitPrice": 70, "unit": "kg", "qty": 0.2 }
  },
  {
    "title": "Cheez Cruncherz",
    "subtitle": "225 g",
    "category": {
      "sub": "Potetchips og snacks",
      "parent": "Snacks og godteri"
    },
    "price": { "price": 47.4, "unitPrice": 210.67, "unit": "kg", "qty": 0.22 }
  },
  {
    "title": "Lays Chips Salted",
    "subtitle": "175 g",
    "category": {
      "sub": "Potetchips og snacks",
      "parent": "Snacks og godteri"
    },
    "price": { "price": 44.4, "unitPrice": 253.71, "unit": "kg", "qty": 0.18 }
  },
  {
    "title": "Potetskruer Salt",
    "subtitle": "90 g",
    "category": {
      "sub": "Potetchips og snacks",
      "parent": "Snacks og godteri"
    },
    "price": { "price": 29.4, "unitPrice": 326.67, "unit": "kg", "qty": 0.09 }
  },
  {
    "title": "Pringles",
    "subtitle": "Orginal, 200 g",
    "category": {
      "sub": "Potetchips og snacks",
      "parent": "Snacks og godteri"
    },
    "price": { "price": 28.2, "unitPrice": 141, "unit": "kg", "qty": 0.2 }
  },
  {
    "title": "Soletti Saltstenger",
    "subtitle": "250 g",
    "category": {
      "sub": "Potetchips og snacks",
      "parent": "Snacks og godteri"
    },
    "price": { "price": 21.9, "unitPrice": 87.6, "unit": "kg", "qty": 0.25 }
  },
  {
    "title": "Saltstenger",
    "subtitle": "250 g",
    "category": {
      "sub": "Potetchips og snacks",
      "parent": "Snacks og godteri"
    },
    "price": { "price": 13.1, "unitPrice": 52.4, "unit": "kg", "qty": 0.25 }
  },
  {
    "title": "Ostepop",
    "subtitle": "250 g",
    "category": {
      "sub": "Potetchips og snacks",
      "parent": "Snacks og godteri"
    },
    "price": { "price": 24, "unitPrice": 96, "unit": "kg", "qty": 0.25 }
  },
  {
    "title": "Potetchips Classic Salt",
    "subtitle": "400 g",
    "category": {
      "sub": "Potetchips og snacks",
      "parent": "Snacks og godteri"
    },
    "price": { "price": 22, "unitPrice": 55, "unit": "kg", "qty": 0.4 }
  },
  {
    "title": "Prima Popcorn",
    "subtitle": "100 g",
    "category": {
      "sub": "Potetchips og snacks",
      "parent": "Snacks og godteri"
    },
    "price": { "price": 15.2, "unitPrice": 152, "unit": "kg", "qty": 0.1 }
  },
  {
    "title": "Chili Klaus chips med Chili",
    "subtitle": "Vindstyrke 8, 150 g",
    "category": {
      "sub": "Potetchips og snacks",
      "parent": "Snacks og godteri"
    },
    "price": { "price": 54.4, "unitPrice": 362.67, "unit": "kg", "qty": 0.15 }
  },
  {
    "title": "Chili Klaus chips Med Chili",
    "subtitle": "vindstyrke 4, 150 g",
    "category": {
      "sub": "Potetchips og snacks",
      "parent": "Snacks og godteri"
    },
    "price": { "price": 54.4, "unitPrice": 362.67, "unit": "kg", "qty": 0.15 }
  },
  {
    "title": "Crispers Maissnacks",
    "subtitle": "125 g",
    "category": {
      "sub": "Potetchips og snacks",
      "parent": "Snacks og godteri"
    },
    "price": { "price": 29.8, "unitPrice": 238.4, "unit": "kg", "qty": 0.13 }
  },
  {
    "title": "I Love Hjerter Salt",
    "subtitle": "120 g",
    "category": {
      "sub": "Potetchips og snacks",
      "parent": "Snacks og godteri"
    },
    "price": { "price": 45.2, "unitPrice": 376.67, "unit": "kg", "qty": 0.12 }
  },
  {
    "title": "Micropopcorn med Smør",
    "subtitle": "3pk, 300 g",
    "category": {
      "sub": "Potetchips og snacks",
      "parent": "Snacks og godteri"
    },
    "price": { "price": 18.6, "unitPrice": 62, "unit": "kg", "qty": 0.3 }
  },
  {
    "title": "Partymix Paprika",
    "subtitle": "200 g",
    "category": {
      "sub": "Potetchips og snacks",
      "parent": "Snacks og godteri"
    },
    "price": { "price": 23.7, "unitPrice": 118.5, "unit": "kg", "qty": 0.2 }
  },
  {
    "title": "Pombear Salt",
    "subtitle": "90 g",
    "category": {
      "sub": "Potetchips og snacks",
      "parent": "Snacks og godteri"
    },
    "price": { "price": 34.4, "unitPrice": 382.22, "unit": "kg", "qty": 0.09 }
  },
  {
    "title": "Salinis - Salte Kringler",
    "subtitle": "Glutenfri, 60 g",
    "category": {
      "sub": "Potetchips og snacks",
      "parent": "Snacks og godteri"
    },
    "price": { "price": 16.8, "unitPrice": 280, "unit": "kg", "qty": 0.06 }
  },
  {
    "title": "Baconsvor",
    "subtitle": "75 g",
    "category": {
      "sub": "Potetchips og snacks",
      "parent": "Snacks og godteri"
    },
    "price": { "price": 34.8, "unitPrice": 464, "unit": "kg", "qty": 0.07 }
  },
  {
    "title": "Snack Bites",
    "subtitle": "170 g",
    "category": {
      "sub": "Potetchips og snacks",
      "parent": "Snacks og godteri"
    },
    "price": { "price": 16.8, "unitPrice": 98.82, "unit": "kg", "qty": 0.17 }
  },
  {
    "title": "TINE Cheesepop Gouda",
    "subtitle": "65 g",
    "category": {
      "sub": "Potetchips og snacks",
      "parent": "Snacks og godteri"
    },
    "price": { "price": 34.4, "unitPrice": 34.4, "unit": "stk", "qty": 1 }
  },
  {
    "title": "Original Tørrfisksnacks",
    "subtitle": "30 g",
    "category": {
      "sub": "Potetchips og snacks",
      "parent": "Snacks og godteri"
    },
    "price": { "price": 66.8, "unitPrice": 2226.67, "unit": "kg", "qty": 0.03 }
  },
  {
    "title": "Potetchips Med Brunost",
    "subtitle": "150 g",
    "category": {
      "sub": "Potetchips og snacks",
      "parent": "Snacks og godteri"
    },
    "price": { "price": 42.9, "unitPrice": 286, "unit": "kg", "qty": 0.15 }
  },
  {
    "title": "Potetchips Med Tyttebær og Rømme",
    "subtitle": "150 g",
    "category": {
      "sub": "Potetchips og snacks",
      "parent": "Snacks og godteri"
    },
    "price": { "price": 44.9, "unitPrice": 299.33, "unit": "kg", "qty": 0.15 }
  },
  {
    "title": "Potetchips Salt Og Grønn Pepper",
    "subtitle": "150 g",
    "category": {
      "sub": "Potetchips og snacks",
      "parent": "Snacks og godteri"
    },
    "price": { "price": 42.9, "unitPrice": 286, "unit": "kg", "qty": 0.15 }
  },
  {
    "title": "Melkesjokolade",
    "subtitle": "200 g",
    "category": { "sub": "Sjokolade", "parent": "Snacks og godteri" },
    "price": { "price": 34.9, "unitPrice": 174.5, "unit": "kg", "qty": 0.2 }
  },
  {
    "title": "Sfinx Medium Konfekt",
    "subtitle": "380 g",
    "category": { "sub": "Sjokolade", "parent": "Snacks og godteri" },
    "price": { "price": 168.9, "unitPrice": 333.37, "unit": "kg", "qty": 0.51 }
  },
  {
    "title": "Kvikk Lunsj 6-pk",
    "subtitle": "282 g",
    "category": { "sub": "Sjokolade", "parent": "Snacks og godteri" },
    "price": { "price": 67.1, "unitPrice": 237.94, "unit": "kg", "qty": 0.28 }
  },
  {
    "title": "Kvikk Lunsj Melkesjokolade",
    "subtitle": "200 g",
    "category": { "sub": "Sjokolade", "parent": "Snacks og godteri" },
    "price": { "price": 37.7, "unitPrice": 188.5, "unit": "kg", "qty": 0.2 }
  },
  {
    "title": "Melkesjokolade med Havsalt",
    "subtitle": "200 g",
    "category": { "sub": "Sjokolade", "parent": "Snacks og godteri" },
    "price": { "price": 24.9, "unitPrice": 124.5, "unit": "kg", "qty": 0.2 }
  },
  {
    "title": "Stratos Storplate",
    "subtitle": "150 g",
    "category": { "sub": "Sjokolade", "parent": "Snacks og godteri" },
    "price": { "price": 41, "unitPrice": 273.33, "unit": "kg", "qty": 0.15 }
  },
  {
    "title": "Stratos Salty Caramel Storplate",
    "subtitle": "185 g",
    "category": { "sub": "Sjokolade", "parent": "Snacks og godteri" },
    "price": { "price": 37.8, "unitPrice": 204.32, "unit": "kg", "qty": 0.19 }
  },
  {
    "title": "Stratos Brownie Heaven Storplate",
    "subtitle": "188 g",
    "category": { "sub": "Sjokolade", "parent": "Snacks og godteri" },
    "price": { "price": 44.9, "unitPrice": 238.83, "unit": "kg", "qty": 0.19 }
  },
  {
    "title": "Smørbukk Storplate",
    "subtitle": "155 g",
    "category": { "sub": "Sjokolade", "parent": "Snacks og godteri" },
    "price": { "price": 39.8, "unitPrice": 256.77, "unit": "kg", "qty": 0.16 }
  },
  {
    "title": "Nidar Favoritter",
    "subtitle": "Blå Storplate, 188 g",
    "category": { "sub": "Sjokolade", "parent": "Snacks og godteri" },
    "price": { "price": 37.8, "unitPrice": 201.06, "unit": "kg", "qty": 0.19 }
  },
  {
    "title": "Nidar Favoritter",
    "subtitle": "Rød Storplate, 183 g",
    "category": { "sub": "Sjokolade", "parent": "Snacks og godteri" },
    "price": { "price": 44.3, "unitPrice": 242.08, "unit": "kg", "qty": 0.18 }
  },
  {
    "title": "Melkesjokolade",
    "subtitle": "180 g",
    "category": { "sub": "Sjokolade", "parent": "Snacks og godteri" },
    "price": { "price": 29.9, "unitPrice": 166.11, "unit": "kg", "qty": 0.18 }
  },
  {
    "title": "Crispo Storplate",
    "subtitle": "150 g",
    "category": { "sub": "Sjokolade", "parent": "Snacks og godteri" },
    "price": { "price": 48.4, "unitPrice": 322.67, "unit": "kg", "qty": 0.15 }
  },
  {
    "title": "Walters Mandler",
    "subtitle": "200 g",
    "category": { "sub": "Sjokolade", "parent": "Snacks og godteri" },
    "price": { "price": 37.8, "unitPrice": 189, "unit": "kg", "qty": 0.2 }
  },
  {
    "title": "Fruktnøtt",
    "subtitle": "200 g",
    "category": { "sub": "Sjokolade", "parent": "Snacks og godteri" },
    "price": { "price": 37.8, "unitPrice": 189, "unit": "kg", "qty": 0.2 }
  },
  {
    "title": "Helnøtt",
    "subtitle": "200 g",
    "category": { "sub": "Sjokolade", "parent": "Snacks og godteri" },
    "price": { "price": 37.8, "unitPrice": 189, "unit": "kg", "qty": 0.2 }
  },
  {
    "title": "Daim Melkesjokolade",
    "subtitle": "200 g",
    "category": { "sub": "Sjokolade", "parent": "Snacks og godteri" },
    "price": { "price": 37.8, "unitPrice": 189, "unit": "kg", "qty": 0.2 }
  },
  {
    "title": "Melkesjokolade med Smil",
    "subtitle": "Karamellfudge-Havsalt, 190 g",
    "category": { "sub": "Sjokolade", "parent": "Snacks og godteri" },
    "price": { "price": 39.8, "unitPrice": 209.47, "unit": "kg", "qty": 0.19 }
  },
  {
    "title": "Firkløver",
    "subtitle": "200 g",
    "category": { "sub": "Sjokolade", "parent": "Snacks og godteri" },
    "price": { "price": 34.9, "unitPrice": 174.5, "unit": "kg", "qty": 0.2 }
  },
  {
    "title": "Firkløver",
    "subtitle": "Appelsin, Nøtter og Havsalt, 200 g",
    "category": { "sub": "Sjokolade", "parent": "Snacks og godteri" },
    "price": { "price": 37.6, "unitPrice": 188, "unit": "kg", "qty": 0.2 }
  },
  {
    "title": "Mørkere Melkesjokolade",
    "subtitle": "Original, 85 g",
    "category": { "sub": "Sjokolade", "parent": "Snacks og godteri" },
    "price": { "price": 25.3, "unitPrice": 297.65, "unit": "kg", "qty": 0.08 }
  },
  {
    "title": "Mørkere Melkesjokolade",
    "subtitle": "Salt Karamell, 85 g",
    "category": { "sub": "Sjokolade", "parent": "Snacks og godteri" },
    "price": { "price": 25.3, "unitPrice": 297.65, "unit": "kg", "qty": 0.08 }
  },
  {
    "title": "Melkesjokolade Hjerter",
    "subtitle": "130 g",
    "category": { "sub": "Sjokolade", "parent": "Snacks og godteri" },
    "price": { "price": 49.6, "unitPrice": 381.54, "unit": "kg", "qty": 0.13 }
  },
  {
    "title": "Japp Smakfull Peanøtt og Karamell",
    "subtitle": "276 g",
    "category": { "sub": "Sjokolade", "parent": "Snacks og godteri" },
    "price": { "price": 61.4, "unitPrice": 222.46, "unit": "kg", "qty": 0.28 }
  },
  {
    "title": "Oreo Smakfull",
    "subtitle": "320 g",
    "category": { "sub": "Sjokolade", "parent": "Snacks og godteri" },
    "price": { "price": 62.6, "unitPrice": 195.63, "unit": "kg", "qty": 0.32 }
  },
  {
    "title": "Sjokoklem",
    "subtitle": "180 g",
    "category": { "sub": "Sjokolade", "parent": "Snacks og godteri" },
    "price": { "price": 41.8, "unitPrice": 232.22, "unit": "kg", "qty": 0.18 }
  },
  {
    "title": "Sjokopinner",
    "subtitle": "144 g",
    "category": { "sub": "Sjokolade", "parent": "Snacks og godteri" },
    "price": { "price": 31.8, "unitPrice": 220.83, "unit": "kg", "qty": 0.14 }
  },
  {
    "title": "Smash",
    "subtitle": "200 g",
    "category": { "sub": "Sjokolade", "parent": "Snacks og godteri" },
    "price": { "price": 36.9, "unitPrice": 184.5, "unit": "kg", "qty": 0.2 }
  },
  {
    "title": "Bamsemums",
    "subtitle": "250 g",
    "category": { "sub": "Sjokolade", "parent": "Snacks og godteri" },
    "price": { "price": 63, "unitPrice": 252, "unit": "kg", "qty": 0.25 }
  },
  {
    "title": "Non Stop",
    "subtitle": "180 g",
    "category": { "sub": "Sjokolade", "parent": "Snacks og godteri" },
    "price": { "price": 34.2, "unitPrice": 190, "unit": "kg", "qty": 0.18 }
  },
  {
    "title": "Non Stop Melkesjokolade",
    "subtitle": "180 g",
    "category": { "sub": "Sjokolade", "parent": "Snacks og godteri" },
    "price": { "price": 44.6, "unitPrice": 247.78, "unit": "kg", "qty": 0.18 }
  },
  {
    "title": "M Partysize",
    "subtitle": "180 g",
    "category": { "sub": "Sjokolade", "parent": "Snacks og godteri" },
    "price": { "price": 38.4, "unitPrice": 213.33, "unit": "kg", "qty": 0.18 }
  },
  {
    "title": "Toffin Classic",
    "subtitle": "140 g",
    "category": { "sub": "Sjokolade", "parent": "Snacks og godteri" },
    "price": { "price": 45.3, "unitPrice": 323.57, "unit": "kg", "qty": 0.14 }
  },
  {
    "title": "Klassiske Venner",
    "subtitle": "240 g",
    "category": { "sub": "Sjokolade", "parent": "Snacks og godteri" },
    "price": { "price": 63.8, "unitPrice": 265.83, "unit": "kg", "qty": 0.24 }
  },
  {
    "title": "Toppris Småbiter",
    "subtitle": "140 g",
    "category": { "sub": "Sjokolade", "parent": "Snacks og godteri" },
    "price": { "price": 37.6, "unitPrice": 268.57, "unit": "kg", "qty": 0.14 }
  },
  {
    "title": "Oreo Småbiter",
    "subtitle": "150 g",
    "category": { "sub": "Sjokolade", "parent": "Snacks og godteri" },
    "price": { "price": 34.7, "unitPrice": 231.33, "unit": "kg", "qty": 0.15 }
  },
  {
    "title": "Daim Småbiter",
    "subtitle": "145 g",
    "category": { "sub": "Sjokolade", "parent": "Snacks og godteri" },
    "price": { "price": 34.8, "unitPrice": 240, "unit": "kg", "qty": 0.14 }
  },
  {
    "title": "Japp småbiter",
    "subtitle": "150 g",
    "category": { "sub": "Sjokolade", "parent": "Snacks og godteri" },
    "price": { "price": 33.7, "unitPrice": 224.67, "unit": "kg", "qty": 0.15 }
  },
  {
    "title": "Troika Favoritter",
    "subtitle": "300 g",
    "category": { "sub": "Sjokolade", "parent": "Snacks og godteri" },
    "price": { "price": 37.5, "unitPrice": 125, "unit": "kg", "qty": 0.3 }
  },
  {
    "title": "Nidar Favoritter Stratos",
    "subtitle": "300 g",
    "category": { "sub": "Sjokolade", "parent": "Snacks og godteri" },
    "price": { "price": 58.4, "unitPrice": 194.67, "unit": "kg", "qty": 0.3 }
  },
  {
    "title": "Pops Original",
    "subtitle": "210 g",
    "category": { "sub": "Sjokolade", "parent": "Snacks og godteri" },
    "price": { "price": 54.6, "unitPrice": 260, "unit": "kg", "qty": 0.21 }
  },
  {
    "title": "Dumle Original",
    "subtitle": "120 g",
    "category": { "sub": "Sjokolade", "parent": "Snacks og godteri" },
    "price": { "price": 29.8, "unitPrice": 248.33, "unit": "kg", "qty": 0.12 }
  },
  {
    "title": "Risbrød",
    "subtitle": "290 g",
    "category": { "sub": "Sjokolade", "parent": "Snacks og godteri" },
    "price": { "price": 55.8, "unitPrice": 192.41, "unit": "kg", "qty": 0.29 }
  },
  {
    "title": "Twist",
    "subtitle": "330 g",
    "category": { "sub": "Sjokolade", "parent": "Snacks og godteri" },
    "price": { "price": 69.4, "unitPrice": 210.3, "unit": "kg", "qty": 0.33 }
  },
  {
    "title": "Bridge Blanding",
    "subtitle": "180 g",
    "category": { "sub": "Sjokolade", "parent": "Snacks og godteri" },
    "price": { "price": 60.4, "unitPrice": 335.56, "unit": "kg", "qty": 0.18 }
  },
  {
    "title": "Fruktkjerner Bringebær",
    "subtitle": "140 g",
    "category": { "sub": "Sjokolade", "parent": "Snacks og godteri" },
    "price": { "price": 48.6, "unitPrice": 347.14, "unit": "kg", "qty": 0.14 }
  },
  {
    "title": "Sjokoskruer",
    "subtitle": "200 g",
    "category": { "sub": "Sjokolade", "parent": "Snacks og godteri" },
    "price": { "price": 40.3, "unitPrice": 201.5, "unit": "kg", "qty": 0.2 }
  },
  {
    "title": "Schprø Sjokopops",
    "subtitle": "140 g",
    "category": { "sub": "Sjokolade", "parent": "Snacks og godteri" },
    "price": { "price": 28, "unitPrice": 200, "unit": "kg", "qty": 0.14 }
  },
  {
    "title": "Minde Sjokomiks",
    "subtitle": "200 g",
    "category": { "sub": "Sjokolade", "parent": "Snacks og godteri" },
    "price": { "price": 35, "unitPrice": 175, "unit": "kg", "qty": 0.2 }
  },
  {
    "title": "Sjokoladefryd Gaveeske",
    "subtitle": "10 Biter, 100 g",
    "category": { "sub": "Sjokolade", "parent": "Snacks og godteri" },
    "price": { "price": 229, "unitPrice": 2290, "unit": "kg", "qty": 0.1 }
  },
  {
    "title": "Turglede Sjokolade Med Lakris",
    "subtitle": "65 g",
    "category": { "sub": "Sjokolade", "parent": "Snacks og godteri" },
    "price": { "price": 46.8, "unitPrice": 720, "unit": "kg", "qty": 0.07 }
  },
  {
    "title": "Turglede Hvit Sjokolade og Pasjonsfrukt",
    "subtitle": "65 g",
    "category": { "sub": "Sjokolade", "parent": "Snacks og godteri" },
    "price": { "price": 64.9, "unitPrice": 998.46, "unit": "kg", "qty": 0.07 }
  },
  {
    "title": "Turglede Hvit Sjokolade og Bringebær",
    "subtitle": "65 g",
    "category": { "sub": "Sjokolade", "parent": "Snacks og godteri" },
    "price": { "price": 64.9, "unitPrice": 998.46, "unit": "kg", "qty": 0.07 }
  },
  {
    "title": "Turglede Hvit Sjokolade og Solbær",
    "subtitle": "65 g",
    "category": { "sub": "Sjokolade", "parent": "Snacks og godteri" },
    "price": { "price": 64.9, "unitPrice": 998.46, "unit": "kg", "qty": 0.07 }
  },
  {
    "title": "Turglede Mørk Sjokolade",
    "subtitle": "110 g",
    "category": { "sub": "Sjokolade", "parent": "Snacks og godteri" },
    "price": { "price": 99, "unitPrice": 900, "unit": "kg", "qty": 0.11 }
  },
  {
    "title": "Turglede Melkesjokolade",
    "subtitle": "110 g",
    "category": { "sub": "Sjokolade", "parent": "Snacks og godteri" },
    "price": { "price": 67.8, "unitPrice": 616.36, "unit": "kg", "qty": 0.11 }
  },
  {
    "title": "Sjokoladefryd Kaffegodt",
    "subtitle": "6 Biter, 70 g",
    "category": { "sub": "Sjokolade", "parent": "Snacks og godteri" },
    "price": { "price": 139, "unitPrice": 1985.71, "unit": "kg", "qty": 0.07 }
  },
  {
    "title": "Sjokoladefryd Bærbluss",
    "subtitle": "6 stk, 70 g",
    "category": { "sub": "Sjokolade", "parent": "Snacks og godteri" },
    "price": { "price": 139, "unitPrice": 1985.71, "unit": "kg", "qty": 0.07 }
  },
  {
    "title": "Lakrisbar Med Chili",
    "subtitle": "38 g",
    "category": { "sub": "Sjokolade", "parent": "Snacks og godteri" },
    "price": { "price": 59.9, "unitPrice": 1576.32, "unit": "kg", "qty": 0.04 }
  },
  {
    "title": "Lakrisbar Med Salt Lakris",
    "subtitle": "38 g",
    "category": { "sub": "Sjokolade", "parent": "Snacks og godteri" },
    "price": { "price": 59.9, "unitPrice": 1576.32, "unit": "kg", "qty": 0.04 }
  },
  {
    "title": "Premium Dark 70% Cocoa",
    "subtitle": "100 g",
    "category": { "sub": "Sjokolade", "parent": "Snacks og godteri" },
    "price": { "price": 43.3, "unitPrice": 433, "unit": "kg", "qty": 0.1 }
  },
  {
    "title": "Premium 70% Pekan & Havsalt",
    "subtitle": "100 g",
    "category": { "sub": "Sjokolade", "parent": "Snacks og godteri" },
    "price": { "price": 40.3, "unitPrice": 403, "unit": "kg", "qty": 0.1 }
  },
  {
    "title": "Premium Fylt Marsipan",
    "subtitle": "150 g",
    "category": { "sub": "Sjokolade", "parent": "Snacks og godteri" },
    "price": { "price": 51.2, "unitPrice": 341.33, "unit": "kg", "qty": 0.15 }
  },
  {
    "title": "Premium Fylt Kokos",
    "subtitle": "150 g",
    "category": { "sub": "Sjokolade", "parent": "Snacks og godteri" },
    "price": { "price": 58.8, "unitPrice": 392, "unit": "kg", "qty": 0.15 }
  },
  {
    "title": "Premium 70% Bringebær",
    "subtitle": "100 g",
    "category": { "sub": "Sjokolade", "parent": "Snacks og godteri" },
    "price": { "price": 42.3, "unitPrice": 423, "unit": "kg", "qty": 0.1 }
  },
  {
    "title": "Premium Dark 86% Cocoa",
    "subtitle": "100 g",
    "category": { "sub": "Sjokolade", "parent": "Snacks og godteri" },
    "price": { "price": 43.3, "unitPrice": 433, "unit": "kg", "qty": 0.1 }
  },
  {
    "title": "Premium Rustikk Bringebær-Hasselnøtt",
    "subtitle": "100 g",
    "category": { "sub": "Sjokolade", "parent": "Snacks og godteri" },
    "price": { "price": 39.8, "unitPrice": 398, "unit": "kg", "qty": 0.1 }
  },
  {
    "title": "Premium Perler Appelsin",
    "subtitle": "120 g",
    "category": { "sub": "Sjokolade", "parent": "Snacks og godteri" },
    "price": { "price": 48.6, "unitPrice": 405, "unit": "kg", "qty": 0.12 }
  },
  {
    "title": "Premium Rustikk Mais og Hasselnøtter",
    "subtitle": "Pose, 120 g",
    "category": { "sub": "Sjokolade", "parent": "Snacks og godteri" },
    "price": { "price": 49.8, "unitPrice": 415, "unit": "kg", "qty": 0.12 }
  },
  {
    "title": "Premium Perler Bringebær",
    "subtitle": "120 g",
    "category": { "sub": "Sjokolade", "parent": "Snacks og godteri" },
    "price": { "price": 49.2, "unitPrice": 410, "unit": "kg", "qty": 0.12 }
  },
  {
    "title": "Premium Dark",
    "subtitle": "47 g",
    "category": { "sub": "Sjokolade", "parent": "Snacks og godteri" },
    "price": { "price": 19.2, "unitPrice": 408.51, "unit": "kg", "qty": 0.05 }
  },
  {
    "title": "Premium Dark Hasselnøtt",
    "subtitle": "45 g",
    "category": { "sub": "Sjokolade", "parent": "Snacks og godteri" },
    "price": { "price": 21.8, "unitPrice": 484.44, "unit": "kg", "qty": 0.05 }
  },
  {
    "title": "Godt & Blandet Original",
    "subtitle": "220 g",
    "category": { "sub": "Godteri", "parent": "Snacks og godteri" },
    "price": { "price": 32.4, "unitPrice": 147.27, "unit": "kg", "qty": 0.22 }
  },
  {
    "title": "Godt & Blandet Supersurt",
    "subtitle": "170 g",
    "category": { "sub": "Godteri", "parent": "Snacks og godteri" },
    "price": { "price": 33.6, "unitPrice": 197.65, "unit": "kg", "qty": 0.17 }
  },
  {
    "title": "Godt & Blandet Original",
    "subtitle": "30 % Mindre Sukker, 140 g",
    "category": { "sub": "Godteri", "parent": "Snacks og godteri" },
    "price": { "price": 40.3, "unitPrice": 287.86, "unit": "kg", "qty": 0.14 }
  },
  {
    "title": "Godt & Blandet Fizzypop",
    "subtitle": "170 g",
    "category": { "sub": "Godteri", "parent": "Snacks og godteri" },
    "price": { "price": 39.9, "unitPrice": 234.71, "unit": "kg", "qty": 0.17 }
  },
  {
    "title": "Supermix Sur",
    "subtitle": "230 g",
    "category": { "sub": "Godteri", "parent": "Snacks og godteri" },
    "price": { "price": 49.1, "unitPrice": 213.48, "unit": "kg", "qty": 0.23 }
  },
  {
    "title": "Supermix",
    "subtitle": "Original, 240 g",
    "category": { "sub": "Godteri", "parent": "Snacks og godteri" },
    "price": { "price": 49.8, "unitPrice": 207.5, "unit": "kg", "qty": 0.24 }
  },
  {
    "title": "Stjernemix",
    "subtitle": "300 g",
    "category": { "sub": "Godteri", "parent": "Snacks og godteri" },
    "price": { "price": 47.4, "unitPrice": 158, "unit": "kg", "qty": 0.3 }
  },
  {
    "title": "Laban Seigmenn og Seigdamer",
    "subtitle": "260 g",
    "category": { "sub": "Godteri", "parent": "Snacks og godteri" },
    "price": { "price": 36.9, "unitPrice": 141.92, "unit": "kg", "qty": 0.26 }
  },
  {
    "title": "Laban Ut På Tur Alltid Sur",
    "subtitle": "170 g",
    "category": { "sub": "Godteri", "parent": "Snacks og godteri" },
    "price": { "price": 31.4, "unitPrice": 184.71, "unit": "kg", "qty": 0.17 }
  },
  {
    "title": "Seigmenn",
    "subtitle": "200 g",
    "category": { "sub": "Godteri", "parent": "Snacks og godteri" },
    "price": { "price": 22, "unitPrice": 110, "unit": "kg", "qty": 0.2 }
  },
  {
    "title": "Smørbukk",
    "subtitle": "150 g",
    "category": { "sub": "Godteri", "parent": "Snacks og godteri" },
    "price": { "price": 52.7, "unitPrice": 351.33, "unit": "kg", "qty": 0.15 }
  },
  {
    "title": "Hockeypulver Salt",
    "subtitle": "12 g",
    "category": { "sub": "Godteri", "parent": "Snacks og godteri" },
    "price": { "price": 13.4, "unitPrice": 1116.67, "unit": "kg", "qty": 0.01 }
  },
  {
    "title": "Skipper Lakrisbåter",
    "subtitle": "250 g",
    "category": { "sub": "Godteri", "parent": "Snacks og godteri" },
    "price": { "price": 56.3, "unitPrice": 225.2, "unit": "kg", "qty": 0.25 }
  },
  {
    "title": "Knatter",
    "subtitle": "Markjordbær- og Blåbærsmak, 80 g",
    "category": { "sub": "Godteri", "parent": "Snacks og godteri" },
    "price": { "price": 24.5, "unitPrice": 306.25, "unit": "kg", "qty": 0.08 }
  },
  {
    "title": "Mega Double Lolly Swizzel",
    "subtitle": "1 stk",
    "category": { "sub": "Godteri", "parent": "Snacks og godteri" },
    "price": { "price": 15.6, "unitPrice": 15.6, "unit": "stk", "qty": 1 }
  },
  {
    "title": "Badeball Kjærlighet på Pinne",
    "subtitle": "Assortert Variant, 11 g",
    "category": { "sub": "Godteri", "parent": "Snacks og godteri" },
    "price": { "price": 4, "unitPrice": 4, "unit": "stk", "qty": 1 }
  },
  {
    "title": "Tyrkisk Peber Lollipop Original",
    "subtitle": "1 stk",
    "category": { "sub": "Godteri", "parent": "Snacks og godteri" },
    "price": { "price": 6.6, "unitPrice": 733.33, "unit": "kg", "qty": 0.01 }
  },
  {
    "title": "Tyrkisk Pepper",
    "subtitle": "Original, 120 g",
    "category": { "sub": "Godteri", "parent": "Snacks og godteri" },
    "price": { "price": 34.8, "unitPrice": 290, "unit": "kg", "qty": 0.12 }
  },
  {
    "title": "Panda Lakris",
    "subtitle": "200 g",
    "category": { "sub": "Godteri", "parent": "Snacks og godteri" },
    "price": { "price": 31, "unitPrice": 155, "unit": "kg", "qty": 0.2 }
  },
  {
    "title": "Smurf Fruktpastiller",
    "subtitle": "Assortert, 3 stk",
    "category": { "sub": "Godteri", "parent": "Snacks og godteri" },
    "price": { "price": 26.4, "unitPrice": 8.8, "unit": "stk", "qty": 3 }
  },
  {
    "title": "Gomp Fruktpastiller",
    "subtitle": "25 g",
    "category": { "sub": "Godteri", "parent": "Snacks og godteri" },
    "price": { "price": 12.3, "unitPrice": 492, "unit": "kg", "qty": 0.03 }
  },
  {
    "title": "Gompemix",
    "subtitle": "70 g",
    "category": { "sub": "Godteri", "parent": "Snacks og godteri" },
    "price": { "price": 23.6, "unitPrice": 337.14, "unit": "kg", "qty": 0.07 }
  },
  {
    "title": "Knott",
    "subtitle": "80 g",
    "category": { "sub": "Godteri", "parent": "Snacks og godteri" },
    "price": { "price": 27.4, "unitPrice": 342.5, "unit": "kg", "qty": 0.08 }
  },
  {
    "title": "Surt Skum",
    "subtitle": "S-märke, 70 g",
    "category": { "sub": "Godteri", "parent": "Snacks og godteri" },
    "price": { "price": 19.6, "unitPrice": 280, "unit": "kg", "qty": 0.07 }
  },
  {
    "title": "Ahlgrens Biler",
    "subtitle": "Original, 160 g",
    "category": { "sub": "Godteri", "parent": "Snacks og godteri" },
    "price": { "price": 28.8, "unitPrice": 180, "unit": "kg", "qty": 0.16 }
  },
  {
    "title": "Dundersalt",
    "subtitle": "60 g",
    "category": { "sub": "Godteri", "parent": "Snacks og godteri" },
    "price": { "price": 22.9, "unitPrice": 381.67, "unit": "kg", "qty": 0.06 }
  },
  {
    "title": "Zoo Gele",
    "subtitle": "80 g",
    "category": { "sub": "Godteri", "parent": "Snacks og godteri" },
    "price": { "price": 29.4, "unitPrice": 367.5, "unit": "kg", "qty": 0.08 }
  },
  {
    "title": "Salt Sild Original",
    "subtitle": "100 g",
    "category": { "sub": "Godteri", "parent": "Snacks og godteri" },
    "price": { "price": 31.9, "unitPrice": 319, "unit": "kg", "qty": 0.1 }
  },
  {
    "title": "Heksehyl",
    "subtitle": "130 g",
    "category": { "sub": "Godteri", "parent": "Snacks og godteri" },
    "price": { "price": 29.9, "unitPrice": 230, "unit": "kg", "qty": 0.13 }
  },
  {
    "title": "Marshmallows",
    "subtitle": "200 g",
    "category": { "sub": "Godteri", "parent": "Snacks og godteri" },
    "price": { "price": 26.9, "unitPrice": 134.5, "unit": "kg", "qty": 0.2 }
  },
  {
    "title": "Bassetts Liquorice Allsorts",
    "subtitle": "190 g",
    "category": { "sub": "Godteri", "parent": "Snacks og godteri" },
    "price": { "price": 34.1, "unitPrice": 179.47, "unit": "kg", "qty": 0.19 }
  },
  {
    "title": "Streetracer Supersur",
    "subtitle": "80 g",
    "category": { "sub": "Godteri", "parent": "Snacks og godteri" },
    "price": { "price": 19.4, "unitPrice": 242.5, "unit": "kg", "qty": 0.08 }
  },
  {
    "title": "Søppeldynga",
    "subtitle": "170 g",
    "category": { "sub": "Godteri", "parent": "Snacks og godteri" },
    "price": { "price": 43.2, "unitPrice": 254.12, "unit": "kg", "qty": 0.17 }
  },
  {
    "title": "Kloakslam",
    "subtitle": "125 g",
    "category": { "sub": "Godteri", "parent": "Snacks og godteri" },
    "price": { "price": 37.8, "unitPrice": 302.4, "unit": "kg", "qty": 0.13 }
  },
  {
    "title": "Råtne Fisk",
    "subtitle": "125 g",
    "category": { "sub": "Godteri", "parent": "Snacks og godteri" },
    "price": { "price": 33.1, "unitPrice": 264.8, "unit": "kg", "qty": 0.13 }
  },
  {
    "title": "Mentos Fruktrull",
    "subtitle": "38 g",
    "category": { "sub": "Godteri", "parent": "Snacks og godteri" },
    "price": { "price": 16.1, "unitPrice": 423.68, "unit": "kg", "qty": 0.04 }
  },
  {
    "title": "Giant Love Hearts",
    "subtitle": "50 g",
    "category": { "sub": "Godteri", "parent": "Snacks og godteri" },
    "price": { "price": 18.1, "unitPrice": 362, "unit": "kg", "qty": 0.05 }
  },
  {
    "title": "Haribo Maoam Karamell",
    "subtitle": "5 Pak, 110 g",
    "category": { "sub": "Godteri", "parent": "Snacks og godteri" },
    "price": { "price": 17.1, "unitPrice": 155.45, "unit": "kg", "qty": 0.11 }
  },
  {
    "title": "Pez Figur",
    "subtitle": "Assortert Figur, 3 g",
    "category": { "sub": "Godteri", "parent": "Snacks og godteri" },
    "price": { "price": 33.9, "unitPrice": 11300, "unit": "kg", "qty": 0 }
  },
  {
    "title": "Love Hearts Lipstick",
    "subtitle": "Assortert Variant, 1 stk",
    "category": { "sub": "Godteri", "parent": "Snacks og godteri" },
    "price": { "price": 10.3, "unitPrice": 10.3, "unit": "stk", "qty": 1 }
  },
  {
    "title": "Juicy Drop Pop",
    "subtitle": "Assortert Variant, 30 g",
    "category": { "sub": "Godteri", "parent": "Snacks og godteri" },
    "price": { "price": 33.9, "unitPrice": 1130, "unit": "kg", "qty": 0.03 }
  },
  {
    "title": "Malaco Fox Sitronkaramell",
    "subtitle": "2 biter, 14,5 g",
    "category": { "sub": "Godteri", "parent": "Snacks og godteri" },
    "price": { "price": 5.4, "unitPrice": 372.41, "unit": "kg", "qty": 0.01 }
  },
  {
    "title": "Malaco Kick Lakrisstang",
    "subtitle": "23 g",
    "category": { "sub": "Godteri", "parent": "Snacks og godteri" },
    "price": { "price": 11.8, "unitPrice": 513.04, "unit": "kg", "qty": 0.02 }
  },
  {
    "title": "Malaco Kick Sitron Lakrisstang",
    "subtitle": "23 g",
    "category": { "sub": "Godteri", "parent": "Snacks og godteri" },
    "price": { "price": 12.4, "unitPrice": 539.13, "unit": "kg", "qty": 0.02 }
  },
  {
    "title": "Malaco Kick Seasalt Lakrisstang",
    "subtitle": "23 g",
    "category": { "sub": "Godteri", "parent": "Snacks og godteri" },
    "price": { "price": 11.8, "unitPrice": 513.04, "unit": "kg", "qty": 0.02 }
  },
  {
    "title": "Meller Rull",
    "subtitle": "38 g",
    "category": { "sub": "Godteri", "parent": "Snacks og godteri" },
    "price": { "price": 12.6, "unitPrice": 331.58, "unit": "kg", "qty": 0.04 }
  },
  {
    "title": "Giant Snap & Crackle",
    "subtitle": "Original, 1 stk",
    "category": { "sub": "Godteri", "parent": "Snacks og godteri" },
    "price": { "price": 10.3, "unitPrice": 10.3, "unit": "stk", "qty": 1 }
  },
  {
    "title": "Vepsebol Jordbær",
    "subtitle": "42 g",
    "category": { "sub": "Godteri", "parent": "Snacks og godteri" },
    "price": { "price": 9.7, "unitPrice": 230.95, "unit": "kg", "qty": 0.04 }
  },
  {
    "title": "Pepe Lakris",
    "subtitle": "32 g",
    "category": { "sub": "Godteri", "parent": "Snacks og godteri" },
    "price": { "price": 13, "unitPrice": 406.25, "unit": "kg", "qty": 0.03 }
  },
  {
    "title": "Jordbærstang",
    "subtitle": "Toms, 27 g",
    "category": { "sub": "Godteri", "parent": "Snacks og godteri" },
    "price": { "price": 12.1, "unitPrice": 448.15, "unit": "kg", "qty": 0.03 }
  },
  {
    "title": "Lakris Salt",
    "subtitle": "140 g",
    "category": { "sub": "Godteri", "parent": "Snacks og godteri" },
    "price": { "price": 43.5, "unitPrice": 310.71, "unit": "kg", "qty": 0.14 }
  },
  {
    "title": "Lakris Søt",
    "subtitle": "140 g",
    "category": { "sub": "Godteri", "parent": "Snacks og godteri" },
    "price": { "price": 43.5, "unitPrice": 310.71, "unit": "kg", "qty": 0.14 }
  },
  {
    "title": "Salt Lakris",
    "subtitle": "Chili & Pepper, 140 g",
    "category": { "sub": "Godteri", "parent": "Snacks og godteri" },
    "price": { "price": 43.5, "unitPrice": 310.71, "unit": "kg", "qty": 0.14 }
  },
  {
    "title": "Sjokoladetrøfler",
    "subtitle": "200 g",
    "category": { "sub": "Godteri", "parent": "Snacks og godteri" },
    "price": { "price": 42.1, "unitPrice": 210.5, "unit": "kg", "qty": 0.2 }
  },
  {
    "title": "Sjokoladekuler Lakris & Bringebær",
    "subtitle": "140 g",
    "category": { "sub": "Godteri", "parent": "Snacks og godteri" },
    "price": { "price": 50, "unitPrice": 357.14, "unit": "kg", "qty": 0.14 }
  },
  {
    "title": "Lakriskuler med Sjokolade",
    "subtitle": "140 g",
    "category": { "sub": "Godteri", "parent": "Snacks og godteri" },
    "price": { "price": 50, "unitPrice": 357.14, "unit": "kg", "qty": 0.14 }
  },
  {
    "title": "Lakriskuler med Karamell og Havsalt",
    "subtitle": "140 g",
    "category": { "sub": "Godteri", "parent": "Snacks og godteri" },
    "price": { "price": 50, "unitPrice": 357.14, "unit": "kg", "qty": 0.14 }
  },
  {
    "title": "YUP Salty Caramel Salmiak Mix",
    "subtitle": "30 g",
    "category": { "sub": "Godteri", "parent": "Snacks og godteri" },
    "price": { "price": 22.6, "unitPrice": 753.33, "unit": "kg", "qty": 0.03 }
  },
  {
    "title": "YUP Sour Peach Strawberry Lime Mix",
    "subtitle": "30 g",
    "category": { "sub": "Godteri", "parent": "Snacks og godteri" },
    "price": { "price": 22, "unitPrice": 733.33, "unit": "kg", "qty": 0.03 }
  },
  {
    "title": "Gul Kamfer",
    "subtitle": "170 g",
    "category": { "sub": "Godteri", "parent": "Snacks og godteri" },
    "price": { "price": 35.6, "unitPrice": 209.41, "unit": "kg", "qty": 0.17 }
  },
  {
    "title": "Werthers Original",
    "subtitle": "Drops Sukkerfri, 42 g",
    "category": { "sub": "Godteri", "parent": "Snacks og godteri" },
    "price": { "price": 31.1, "unitPrice": 740.48, "unit": "kg", "qty": 0.04 }
  },
  {
    "title": "Spesial Med Havsalt",
    "subtitle": "270 g",
    "category": { "sub": "Nøtter", "parent": "Snacks og godteri" },
    "price": { "price": 77.8, "unitPrice": 288.15, "unit": "kg", "qty": 0.27 }
  },
  {
    "title": "Nøtti Frutti",
    "subtitle": "Uten Salt, 350 g",
    "category": { "sub": "Nøtter", "parent": "Snacks og godteri" },
    "price": { "price": 53.4, "unitPrice": 152.57, "unit": "kg", "qty": 0.35 }
  },
  {
    "title": "Polly Peanøtter",
    "subtitle": "880 g",
    "category": { "sub": "Nøtter", "parent": "Snacks og godteri" },
    "price": { "price": 120.1, "unitPrice": 136.48, "unit": "kg", "qty": 0.88 }
  },
  {
    "title": "Polly Peanøtter",
    "subtitle": "330 g",
    "category": { "sub": "Nøtter", "parent": "Snacks og godteri" },
    "price": { "price": 31.9, "unitPrice": 96.67, "unit": "kg", "qty": 0.33 }
  },
  {
    "title": "Polly Peanøtter",
    "subtitle": "165 g",
    "category": { "sub": "Nøtter", "parent": "Snacks og godteri" },
    "price": { "price": 26.4, "unitPrice": 160, "unit": "kg", "qty": 0.16 }
  },
  {
    "title": "Turmiks",
    "subtitle": "Nøtter & Sjokolade, 260 g",
    "category": { "sub": "Nøtter", "parent": "Snacks og godteri" },
    "price": { "price": 43.9, "unitPrice": 168.85, "unit": "kg", "qty": 0.26 }
  },
  {
    "title": "Polly Peanøtter Lettsaltet",
    "subtitle": "300 g",
    "category": { "sub": "Nøtter", "parent": "Snacks og godteri" },
    "price": { "price": 34.6, "unitPrice": 115.33, "unit": "kg", "qty": 0.3 }
  },
  {
    "title": "Cashew Mosambik",
    "subtitle": "160 g",
    "category": { "sub": "Nøtter", "parent": "Snacks og godteri" },
    "price": { "price": 70.8, "unitPrice": 442.5, "unit": "kg", "qty": 0.16 }
  },
  {
    "title": "Yoghurtnøtter",
    "subtitle": "80 g",
    "category": { "sub": "Nøtter", "parent": "Snacks og godteri" },
    "price": { "price": 40.4, "unitPrice": 505, "unit": "kg", "qty": 0.08 }
  },
  {
    "title": "Polly Ovnsristede Mandler",
    "subtitle": "Småsulten, 125 g",
    "category": { "sub": "Nøtter", "parent": "Snacks og godteri" },
    "price": { "price": 44.8, "unitPrice": 358.4, "unit": "kg", "qty": 0.13 }
  },
  {
    "title": "Småsulten Nøtter & Bær",
    "subtitle": "60 g",
    "category": { "sub": "Nøtter", "parent": "Snacks og godteri" },
    "price": { "price": 20.9, "unitPrice": 348.33, "unit": "kg", "qty": 0.06 }
  },
  {
    "title": "Småsulten Nøttemiks",
    "subtitle": "60 g",
    "category": { "sub": "Nøtter", "parent": "Snacks og godteri" },
    "price": { "price": 22.4, "unitPrice": 373.33, "unit": "kg", "qty": 0.06 }
  },
  {
    "title": "Småsulten Nøtter & Frukt",
    "subtitle": "60 g",
    "category": { "sub": "Nøtter", "parent": "Snacks og godteri" },
    "price": { "price": 20.6, "unitPrice": 343.33, "unit": "kg", "qty": 0.06 }
  },
  {
    "title": "Småsulten Maisnøtter",
    "subtitle": "35 g",
    "category": { "sub": "Nøtter", "parent": "Snacks og godteri" },
    "price": { "price": 16.4, "unitPrice": 468.57, "unit": "kg", "qty": 0.04 }
  },
  {
    "title": "Peanøtter",
    "subtitle": "Røstet & Saltet, 300 g",
    "category": { "sub": "Nøtter", "parent": "Snacks og godteri" },
    "price": { "price": 32.8, "unitPrice": 109.33, "unit": "kg", "qty": 0.3 }
  },
  {
    "title": "Cashewnøtter Økologisk",
    "subtitle": "Usaltet, 150 g",
    "category": { "sub": "Nøtter", "parent": "Snacks og godteri" },
    "price": { "price": 71, "unitPrice": 473.33, "unit": "kg", "qty": 0.15 }
  },
  {
    "title": "Hasselnøtter",
    "subtitle": "Økologisk, 150 g",
    "category": { "sub": "Nøtter", "parent": "Snacks og godteri" },
    "price": { "price": 79.6, "unitPrice": 530.67, "unit": "kg", "qty": 0.15 }
  },
  {
    "title": "Mandler",
    "subtitle": "250 g",
    "category": { "sub": "Nøtter", "parent": "Snacks og godteri" },
    "price": { "price": 35.2, "unitPrice": 140.8, "unit": "kg", "qty": 0.25 }
  },
  {
    "title": "Hasselnøttkjerner",
    "subtitle": "250 g",
    "category": { "sub": "Nøtter", "parent": "Snacks og godteri" },
    "price": { "price": 35.5, "unitPrice": 142, "unit": "kg", "qty": 0.25 }
  },
  {
    "title": "Valnøttkjerner",
    "subtitle": "200 g",
    "category": { "sub": "Nøtter", "parent": "Snacks og godteri" },
    "price": { "price": 48.8, "unitPrice": 244, "unit": "kg", "qty": 0.2 }
  },
  {
    "title": "Peanøtter",
    "subtitle": "275 g",
    "category": { "sub": "Nøtter", "parent": "Snacks og godteri" },
    "price": { "price": 18.4, "unitPrice": 66.91, "unit": "kg", "qty": 0.27 }
  },
  {
    "title": "Cashewnøtter",
    "subtitle": "175 g",
    "category": { "sub": "Nøtter", "parent": "Snacks og godteri" },
    "price": { "price": 38.6, "unitPrice": 220.57, "unit": "kg", "qty": 0.18 }
  },
  {
    "title": "Chilinøtter",
    "subtitle": "175 g",
    "category": { "sub": "Nøtter", "parent": "Snacks og godteri" },
    "price": { "price": 25.7, "unitPrice": 146.86, "unit": "kg", "qty": 0.17 }
  },
  {
    "title": "Pistasjnøtter",
    "subtitle": "175 g",
    "category": { "sub": "Nøtter", "parent": "Snacks og godteri" },
    "price": { "price": 45.8, "unitPrice": 261.71, "unit": "kg", "qty": 0.18 }
  },
  {
    "title": "Nøtte- & Fruktmix",
    "subtitle": "600 g",
    "category": { "sub": "Nøtter", "parent": "Snacks og godteri" },
    "price": { "price": 29.7, "unitPrice": 49.5, "unit": "kg", "qty": 0.6 }
  },
  {
    "title": "Røstede Peanøtter og Mandler",
    "subtitle": "Pepper & Balsamico, 200 g",
    "category": { "sub": "Nøtter", "parent": "Snacks og godteri" },
    "price": { "price": 27.7, "unitPrice": 138.5, "unit": "kg", "qty": 0.2 }
  },
  {
    "title": "Økologiske Valnøtter",
    "subtitle": "150 g",
    "category": { "sub": "Nøtter", "parent": "Snacks og godteri" },
    "price": { "price": 50, "unitPrice": 333.33, "unit": "kg", "qty": 0.15 }
  },
  {
    "title": "Økologiske Cashewnøtter",
    "subtitle": "Rå, Usaltet, 130 g",
    "category": { "sub": "Nøtter", "parent": "Snacks og godteri" },
    "price": { "price": 55.4, "unitPrice": 426.15, "unit": "kg", "qty": 0.13 }
  },
  {
    "title": "Peanøtter",
    "subtitle": "Ristet, Usaltet, 1 kg",
    "category": { "sub": "Nøtter", "parent": "Snacks og godteri" },
    "price": { "price": 89.1, "unitPrice": 89.1, "unit": "kg", "qty": 1 }
  },
  {
    "title": "Røkte Og Salte Mandler",
    "subtitle": "175 g",
    "category": { "sub": "Nøtter", "parent": "Snacks og godteri" },
    "price": { "price": 50, "unitPrice": 285.71, "unit": "kg", "qty": 0.18 }
  },
  {
    "title": "Cashewnøtter",
    "subtitle": "55 g",
    "category": { "sub": "Nøtter", "parent": "Snacks og godteri" },
    "price": { "price": 13.2, "unitPrice": 240, "unit": "kg", "qty": 0.06 }
  },
  {
    "title": "Nøtte- og Fruktmix",
    "subtitle": "60 g",
    "category": { "sub": "Nøtter", "parent": "Snacks og godteri" },
    "price": { "price": 10, "unitPrice": 166.67, "unit": "kg", "qty": 0.06 }
  },
  {
    "title": "Turmix M/Sjokolade",
    "subtitle": "50 g",
    "category": { "sub": "Nøtter", "parent": "Snacks og godteri" },
    "price": { "price": 13.3, "unitPrice": 266, "unit": "kg", "qty": 0.05 }
  },
  {
    "title": "Rema 1000 Proteinmix",
    "subtitle": "50 g",
    "category": { "sub": "Nøtter", "parent": "Snacks og godteri" },
    "price": { "price": 11.1, "unitPrice": 222, "unit": "kg", "qty": 0.05 }
  },
  {
    "title": "Mandler",
    "subtitle": "Saltet Og Ristet, 50 g",
    "category": { "sub": "Nøtter", "parent": "Snacks og godteri" },
    "price": { "price": 12.7, "unitPrice": 254, "unit": "kg", "qty": 0.05 }
  },
  {
    "title": "Extra White Sweetmint",
    "subtitle": "84 g",
    "category": { "sub": "Tyggis og pastiller", "parent": "Snacks og godteri" },
    "price": { "price": 45.7, "unitPrice": 544.05, "unit": "kg", "qty": 0.08 }
  },
  {
    "title": "Tyggis Frisk Pust Peppermint",
    "subtitle": "Boks, 85 g",
    "category": { "sub": "Tyggis og pastiller", "parent": "Snacks og godteri" },
    "price": { "price": 59, "unitPrice": 694.12, "unit": "kg", "qty": 0.08 }
  },
  {
    "title": "Extra Sweet Mint",
    "subtitle": "5 stk, 70 g",
    "category": { "sub": "Tyggis og pastiller", "parent": "Snacks og godteri" },
    "price": { "price": 49.3, "unitPrice": 704.29, "unit": "kg", "qty": 0.07 }
  },
  {
    "title": "Extra Spearmint",
    "subtitle": "5-pakk, 70 g",
    "category": { "sub": "Tyggis og pastiller", "parent": "Snacks og godteri" },
    "price": { "price": 48.6, "unitPrice": 694.29, "unit": "kg", "qty": 0.07 }
  },
  {
    "title": "Ifa Salt Lakris",
    "subtitle": "34 g",
    "category": { "sub": "Tyggis og pastiller", "parent": "Snacks og godteri" },
    "price": { "price": 14.4, "unitPrice": 423.53, "unit": "kg", "qty": 0.03 }
  },
  {
    "title": "Werthers Original",
    "subtitle": "Drops Sukkerfri, 42 g",
    "category": { "sub": "Tyggis og pastiller", "parent": "Snacks og godteri" },
    "price": { "price": 31.1, "unitPrice": 740.48, "unit": "kg", "qty": 0.04 }
  },
  {
    "title": "Fusion Strawberry & Lime",
    "subtitle": "22 g",
    "category": { "sub": "Tyggis og pastiller", "parent": "Snacks og godteri" },
    "price": { "price": 14.8, "unitPrice": 672.73, "unit": "kg", "qty": 0.02 }
  },
  {
    "title": "Stimorol Max Spearmint",
    "subtitle": "22 g",
    "category": { "sub": "Tyggis og pastiller", "parent": "Snacks og godteri" },
    "price": { "price": 16.2, "unitPrice": 736.36, "unit": "kg", "qty": 0.02 }
  },
  {
    "title": "Stimorol Fusion Vanilla Mint",
    "subtitle": "22 g",
    "category": { "sub": "Tyggis og pastiller", "parent": "Snacks og godteri" },
    "price": { "price": 14.8, "unitPrice": 672.73, "unit": "kg", "qty": 0.02 }
  },
  {
    "title": "Stimorol Max Blueberry",
    "subtitle": "20 g",
    "category": { "sub": "Tyggis og pastiller", "parent": "Snacks og godteri" },
    "price": { "price": 14.8, "unitPrice": 740, "unit": "kg", "qty": 0.02 }
  },
  {
    "title": "Doc Halslinser Honning-Lakris",
    "subtitle": "60 g",
    "category": { "sub": "Tyggis og pastiller", "parent": "Snacks og godteri" },
    "price": { "price": 29.7, "unitPrice": 495, "unit": "kg", "qty": 0.06 }
  },
  {
    "title": "Doc Halslinser",
    "subtitle": "Original, 60 g",
    "category": { "sub": "Tyggis og pastiller", "parent": "Snacks og godteri" },
    "price": { "price": 23.6, "unitPrice": 393.33, "unit": "kg", "qty": 0.06 }
  },
  {
    "title": "Doc Halslinser",
    "subtitle": "Eucalyptus, 60 g",
    "category": { "sub": "Tyggis og pastiller", "parent": "Snacks og godteri" },
    "price": { "price": 29, "unitPrice": 483.33, "unit": "kg", "qty": 0.06 }
  },
  {
    "title": "Ricola Original Med Stevia",
    "subtitle": "50 g",
    "category": { "sub": "Tyggis og pastiller", "parent": "Snacks og godteri" },
    "price": { "price": 34.5, "unitPrice": 690, "unit": "kg", "qty": 0.05 }
  },
  {
    "title": "Ricola Tranebær",
    "subtitle": "50 g",
    "category": { "sub": "Tyggis og pastiller", "parent": "Snacks og godteri" },
    "price": { "price": 35.5, "unitPrice": 710, "unit": "kg", "qty": 0.05 }
  },
  {
    "title": "Halstabletter med Honning & Sitron",
    "subtitle": "Sukkerfri, 60 g",
    "category": { "sub": "Tyggis og pastiller", "parent": "Snacks og godteri" },
    "price": { "price": 55.4, "unitPrice": 2.31, "unit": "stk", "qty": 23.98 }
  },
  {
    "title": "Fisherman's Friend Mint",
    "subtitle": "25 g",
    "category": { "sub": "Tyggis og pastiller", "parent": "Snacks og godteri" },
    "price": { "price": 21.1, "unitPrice": 844, "unit": "kg", "qty": 0.03 }
  },
  {
    "title": "Fisherman's Friend",
    "subtitle": "Salmiak, 25 g",
    "category": { "sub": "Tyggis og pastiller", "parent": "Snacks og godteri" },
    "price": { "price": 17.7, "unitPrice": 708, "unit": "kg", "qty": 0.02 }
  },
  {
    "title": "Fisherman's Friend Raspberry",
    "subtitle": "25 g",
    "category": { "sub": "Tyggis og pastiller", "parent": "Snacks og godteri" },
    "price": { "price": 21.3, "unitPrice": 852, "unit": "kg", "qty": 0.03 }
  },
  {
    "title": "Fisherman's Friend",
    "subtitle": "Original, 20 g",
    "category": { "sub": "Tyggis og pastiller", "parent": "Snacks og godteri" },
    "price": { "price": 17.3, "unitPrice": 865, "unit": "kg", "qty": 0.02 }
  },
  {
    "title": "Frisk Eucalyptus Menthol",
    "subtitle": "5,7 g",
    "category": { "sub": "Tyggis og pastiller", "parent": "Snacks og godteri" },
    "price": { "price": 21.8, "unitPrice": 3824.56, "unit": "kg", "qty": 0.01 }
  },
  {
    "title": "Extra Mega Cubes Spearmint",
    "subtitle": "30 stk, 69 g",
    "category": { "sub": "Tyggis og pastiller", "parent": "Snacks og godteri" },
    "price": { "price": 48.7, "unitPrice": 705.8, "unit": "kg", "qty": 0.07 }
  },
  {
    "title": "Extra Sweet Fruit",
    "subtitle": "Sukkerfri, 14 g",
    "category": { "sub": "Tyggis og pastiller", "parent": "Snacks og godteri" },
    "price": { "price": 14, "unitPrice": 1000, "unit": "kg", "qty": 0.01 }
  },
  {
    "title": "Extra Watermelon",
    "subtitle": "14 g",
    "category": { "sub": "Tyggis og pastiller", "parent": "Snacks og godteri" },
    "price": { "price": 15, "unitPrice": 1071.43, "unit": "kg", "qty": 0.01 }
  },
  {
    "title": "Extra Salty Licorice",
    "subtitle": "14 g",
    "category": { "sub": "Tyggis og pastiller", "parent": "Snacks og godteri" },
    "price": { "price": 14, "unitPrice": 1000, "unit": "kg", "qty": 0.01 }
  },
  {
    "title": "Extra Strong Menthol",
    "subtitle": "14 g",
    "category": { "sub": "Tyggis og pastiller", "parent": "Snacks og godteri" },
    "price": { "price": 13.4, "unitPrice": 957.14, "unit": "kg", "qty": 0.01 }
  },
  {
    "title": "Tyggis Rene Tenner",
    "subtitle": "10 stk, 14 g",
    "category": { "sub": "Tyggis og pastiller", "parent": "Snacks og godteri" },
    "price": { "price": 18, "unitPrice": 1285.71, "unit": "kg", "qty": 0.01 }
  },
  {
    "title": "Extra Eucalyptus",
    "subtitle": "14 g",
    "category": { "sub": "Tyggis og pastiller", "parent": "Snacks og godteri" },
    "price": { "price": 13.4, "unitPrice": 957.14, "unit": "kg", "qty": 0.01 }
  },
  {
    "title": "Extra Superberries",
    "subtitle": "14 g",
    "category": { "sub": "Tyggis og pastiller", "parent": "Snacks og godteri" },
    "price": { "price": 14, "unitPrice": 1000, "unit": "kg", "qty": 0.01 }
  },
  {
    "title": "Tyggis Frisk Pust",
    "subtitle": "10 stk, 14 g",
    "category": { "sub": "Tyggis og pastiller", "parent": "Snacks og godteri" },
    "price": { "price": 18, "unitPrice": 1285.71, "unit": "kg", "qty": 0.01 }
  },
  {
    "title": "Extra Spearmint",
    "subtitle": "Sukkerfri, 14 g",
    "category": { "sub": "Tyggis og pastiller", "parent": "Snacks og godteri" },
    "price": { "price": 14, "unitPrice": 1000, "unit": "kg", "qty": 0.01 }
  },
  {
    "title": "Extra Sweet Mint",
    "subtitle": "14 g",
    "category": { "sub": "Tyggis og pastiller", "parent": "Snacks og godteri" },
    "price": { "price": 14, "unitPrice": 1000, "unit": "kg", "qty": 0.01 }
  },
  {
    "title": "Extra Pro White Spearmint",
    "subtitle": "14 g",
    "category": { "sub": "Tyggis og pastiller", "parent": "Snacks og godteri" },
    "price": { "price": 14, "unitPrice": 1000, "unit": "kg", "qty": 0.01 }
  },
  {
    "title": "Hubba Bubba Original",
    "subtitle": "35 g",
    "category": { "sub": "Tyggis og pastiller", "parent": "Snacks og godteri" },
    "price": { "price": 15.5, "unitPrice": 442.86, "unit": "kg", "qty": 0.03 }
  },
  {
    "title": "Dent Trio",
    "subtitle": "24 g",
    "category": { "sub": "Tyggis og pastiller", "parent": "Snacks og godteri" },
    "price": { "price": 16.4, "unitPrice": 683.33, "unit": "kg", "qty": 0.02 }
  },
  {
    "title": "Dent Eukalyptus",
    "subtitle": "24 g",
    "category": { "sub": "Tyggis og pastiller", "parent": "Snacks og godteri" },
    "price": { "price": 15.4, "unitPrice": 641.67, "unit": "kg", "qty": 0.02 }
  },
  {
    "title": "Salt Lakris",
    "subtitle": "24 g",
    "category": { "sub": "Tyggis og pastiller", "parent": "Snacks og godteri" },
    "price": { "price": 16.8, "unitPrice": 700, "unit": "kg", "qty": 0.02 }
  },
  {
    "title": "Dent Crush Lakris",
    "subtitle": "25 g",
    "category": { "sub": "Tyggis og pastiller", "parent": "Snacks og godteri" },
    "price": { "price": 19.4, "unitPrice": 776, "unit": "kg", "qty": 0.02 }
  },
  {
    "title": "Dent Crush Bringebær",
    "subtitle": "25 g",
    "category": { "sub": "Tyggis og pastiller", "parent": "Snacks og godteri" },
    "price": { "price": 21.5, "unitPrice": 860, "unit": "kg", "qty": 0.03 }
  },
  {
    "title": "Crush Fersken",
    "subtitle": "25 g",
    "category": { "sub": "Tyggis og pastiller", "parent": "Snacks og godteri" },
    "price": { "price": 20.1, "unitPrice": 804, "unit": "kg", "qty": 0.03 }
  },
  {
    "title": "Läkerol Classic Salvi",
    "subtitle": "25 g",
    "category": { "sub": "Tyggis og pastiller", "parent": "Snacks og godteri" },
    "price": { "price": 12.9, "unitPrice": 516, "unit": "kg", "qty": 0.03 }
  },
  {
    "title": "Läkerol Classic Seasalt",
    "subtitle": "25 g",
    "category": { "sub": "Tyggis og pastiller", "parent": "Snacks og godteri" },
    "price": { "price": 16.7, "unitPrice": 668, "unit": "kg", "qty": 0.02 }
  },
  {
    "title": "Läkerol Classic Cactus",
    "subtitle": "25 g",
    "category": { "sub": "Tyggis og pastiller", "parent": "Snacks og godteri" },
    "price": { "price": 13.4, "unitPrice": 536, "unit": "kg", "qty": 0.03 }
  },
  {
    "title": "Gul Kamfer",
    "subtitle": "170 g",
    "category": { "sub": "Tyggis og pastiller", "parent": "Snacks og godteri" },
    "price": { "price": 35.6, "unitPrice": 209.41, "unit": "kg", "qty": 0.17 }
  },
  {
    "title": "Mynthon Original Tyggepastill",
    "subtitle": "26 g",
    "category": { "sub": "Tyggis og pastiller", "parent": "Snacks og godteri" },
    "price": { "price": 14.1, "unitPrice": 542.31, "unit": "kg", "qty": 0.03 }
  },
  {
    "title": "YUP Salty Caramel Salmiak Mix",
    "subtitle": "30 g",
    "category": { "sub": "Tyggis og pastiller", "parent": "Snacks og godteri" },
    "price": { "price": 22.6, "unitPrice": 753.33, "unit": "kg", "qty": 0.03 }
  },
  {
    "title": "YUP Sour Peach Strawberry Lime Mix",
    "subtitle": "30 g",
    "category": { "sub": "Tyggis og pastiller", "parent": "Snacks og godteri" },
    "price": { "price": 22, "unitPrice": 733.33, "unit": "kg", "qty": 0.03 }
  },
  {
    "title": "Libero Touch",
    "subtitle": "Tapebleie, Str.1 2-5kg, 22 stk",
    "category": { "sub": "Bleier", "parent": "Barneprodukter" },
    "price": { "price": 56.8, "unitPrice": 2.58, "unit": "stk", "qty": 22.02 }
  },
  {
    "title": "Libero Touch",
    "subtitle": "Tapebleie, Str. 2 3-6kg, 32 stk",
    "category": { "sub": "Bleier", "parent": "Barneprodukter" },
    "price": { "price": 63.4, "unitPrice": 1.98, "unit": "stk", "qty": 32.02 }
  },
  {
    "title": "Libero Touch",
    "subtitle": "Tapebleie, Str.3 4-8kg, 28 stk",
    "category": { "sub": "Bleier", "parent": "Barneprodukter" },
    "price": { "price": 62.6, "unitPrice": 2.24, "unit": "stk", "qty": 27.95 }
  },
  {
    "title": "Libero Touch",
    "subtitle": "Tapebleie, Str.4 7-11kg, 24 stk",
    "category": { "sub": "Bleier", "parent": "Barneprodukter" },
    "price": { "price": 62.6, "unitPrice": 2.61, "unit": "stk", "qty": 23.98 }
  },
  {
    "title": "Libero Touch",
    "subtitle": "Tapebleie, Str.5 10-14kg, 22 stk",
    "category": { "sub": "Bleier", "parent": "Barneprodukter" },
    "price": { "price": 63.4, "unitPrice": 2.88, "unit": "stk", "qty": 22.01 }
  },
  {
    "title": "Libero Touch",
    "subtitle": "Tapebleie, Str.6 13-20kg, 20 stk",
    "category": { "sub": "Bleier", "parent": "Barneprodukter" },
    "price": { "price": 63.4, "unitPrice": 3.17, "unit": "stk", "qty": 20 }
  },
  {
    "title": "Libero Touch",
    "subtitle": "Tapebleie, Str.7 16-26kg, 18 stk",
    "category": { "sub": "Bleier", "parent": "Barneprodukter" },
    "price": { "price": 69.4, "unitPrice": 3.86, "unit": "stk", "qty": 17.98 }
  },
  {
    "title": "Comfort Str 4",
    "subtitle": "7-11 kg, 26 stk",
    "category": { "sub": "Bleier", "parent": "Barneprodukter" },
    "price": { "price": 63.4, "unitPrice": 2.44, "unit": "stk", "qty": 25.98 }
  },
  {
    "title": "Comfort Str 5",
    "subtitle": "10-14 kg, 24 stk",
    "category": { "sub": "Bleier", "parent": "Barneprodukter" },
    "price": { "price": 63.4, "unitPrice": 2.64, "unit": "stk", "qty": 24.02 }
  },
  {
    "title": "Comfort Str 6",
    "subtitle": "13-20 kg, 22 stk",
    "category": { "sub": "Bleier", "parent": "Barneprodukter" },
    "price": { "price": 63.4, "unitPrice": 2.88, "unit": "stk", "qty": 22.01 }
  },
  {
    "title": "Libero Up&Go",
    "subtitle": "Str.5 10-14kg, 22 stk",
    "category": { "sub": "Bleier", "parent": "Barneprodukter" },
    "price": { "price": 62.2, "unitPrice": 2.83, "unit": "stk", "qty": 21.98 }
  },
  {
    "title": "Libero Up&Go",
    "subtitle": "Str.6 13-20kg, 20 stk",
    "category": { "sub": "Bleier", "parent": "Barneprodukter" },
    "price": { "price": 63.2, "unitPrice": 3.16, "unit": "stk", "qty": 20 }
  },
  {
    "title": "Libero Up&Go",
    "subtitle": "Str.7 16-26kg, 18 stk",
    "category": { "sub": "Bleier", "parent": "Barneprodukter" },
    "price": { "price": 62.2, "unitPrice": 3.46, "unit": "stk", "qty": 17.98 }
  },
  {
    "title": "Libero Up&Go",
    "subtitle": "Str.8 19-30kg, 16 stk",
    "category": { "sub": "Bleier", "parent": "Barneprodukter" },
    "price": { "price": 62.6, "unitPrice": 3.91, "unit": "stk", "qty": 16.01 }
  },
  {
    "title": "Pampers Premium Protection New baby",
    "subtitle": "Str.1 2-5kg, 22 stk",
    "category": { "sub": "Bleier", "parent": "Barneprodukter" },
    "price": { "price": 20, "unitPrice": 0.91, "unit": "stk", "qty": 21.98 }
  },
  {
    "title": "Pampers Premium Protection New baby",
    "subtitle": "Str.2 4-8kg, 31 stk",
    "category": { "sub": "Bleier", "parent": "Barneprodukter" },
    "price": { "price": 26.6, "unitPrice": 0.86, "unit": "stk", "qty": 30.93 }
  },
  {
    "title": "Bleie premium protection",
    "subtitle": "Str.3 6-10kg, 50 stk",
    "category": { "sub": "Bleier", "parent": "Barneprodukter" },
    "price": { "price": 100.5, "unitPrice": 2.01, "unit": "stk", "qty": 50 }
  },
  {
    "title": "Bleie Premium Protection",
    "subtitle": "S4 9-14kg, 60 stk",
    "category": { "sub": "Bleier", "parent": "Barneprodukter" },
    "price": { "price": 132.6, "unitPrice": 2.21, "unit": "stk", "qty": 60 }
  },
  {
    "title": "Bleie premium protection",
    "subtitle": "S 5 11-16kg, 52 stk",
    "category": { "sub": "Bleier", "parent": "Barneprodukter" },
    "price": { "price": 132.6, "unitPrice": 2.55, "unit": "stk", "qty": 52 }
  },
  {
    "title": "Bleie Premium Protection",
    "subtitle": "S6 13-18kg, 46 stk",
    "category": { "sub": "Bleier", "parent": "Barneprodukter" },
    "price": { "price": 132.6, "unitPrice": 2.88, "unit": "stk", "qty": 46.04 }
  },
  {
    "title": "Bleie premium protection Pants",
    "subtitle": "Str.3 6-11kg, 35 stk",
    "category": { "sub": "Bleier", "parent": "Barneprodukter" },
    "price": { "price": 90.8, "unitPrice": 2.59, "unit": "stk", "qty": 35.06 }
  },
  {
    "title": "Bleie premium protection Pants",
    "subtitle": "Str.4 9-15kg, 32 stk",
    "category": { "sub": "Bleier", "parent": "Barneprodukter" },
    "price": { "price": 90.8, "unitPrice": 2.84, "unit": "stk", "qty": 31.97 }
  },
  {
    "title": "Bleie Premium Protection Pants",
    "subtitle": "S5 12-17kg, 30 stk",
    "category": { "sub": "Bleier", "parent": "Barneprodukter" },
    "price": { "price": 92.6, "unitPrice": 3.09, "unit": "stk", "qty": 29.97 }
  },
  {
    "title": "Bleie Premium Protection Pants",
    "subtitle": "S6 15+kg, 28 stk",
    "category": { "sub": "Bleier", "parent": "Barneprodukter" },
    "price": { "price": 92.6, "unitPrice": 3.31, "unit": "stk", "qty": 27.98 }
  },
  {
    "title": "Lev Vel Bleier Mini",
    "subtitle": "Str. 2 3-6kg, 28 stk",
    "category": { "sub": "Bleier", "parent": "Barneprodukter" },
    "price": { "price": 31.1, "unitPrice": 1.11, "unit": "stk", "qty": 28.02 }
  },
  {
    "title": "Lev Vel Bleier Midi",
    "subtitle": "Str. 3, 5-9 kg, 56 stk",
    "category": { "sub": "Bleier", "parent": "Barneprodukter" },
    "price": { "price": 55.8, "unitPrice": 1, "unit": "stk", "qty": 55.8 }
  },
  {
    "title": "Lev Vel Bleier Maxi",
    "subtitle": "Str. 4 7-16 kg, 50 stk",
    "category": { "sub": "Bleier", "parent": "Barneprodukter" },
    "price": { "price": 60.2, "unitPrice": 1.2, "unit": "stk", "qty": 50.17 }
  },
  {
    "title": "Lev Vel Bleier Junior",
    "subtitle": "Str.5 12-25kg, 44 stk",
    "category": { "sub": "Bleier", "parent": "Barneprodukter" },
    "price": { "price": 57.3, "unitPrice": 1.3, "unit": "stk", "qty": 44.08 }
  },
  {
    "title": "Lev Vel Bleier XL",
    "subtitle": "Str. 6 15-30kg, 40 stk",
    "category": { "sub": "Bleier", "parent": "Barneprodukter" },
    "price": { "price": 62.3, "unitPrice": 1.56, "unit": "stk", "qty": 39.94 }
  },
  {
    "title": "Buksebleier Junior",
    "subtitle": "Str.5 10-18kg, 30 stk",
    "category": { "sub": "Bleier", "parent": "Barneprodukter" },
    "price": { "price": 45.5, "unitPrice": 1.52, "unit": "stk", "qty": 29.93 }
  },
  {
    "title": "Lev Vel Buksebleier XL",
    "subtitle": "Str.6 16-26kg, 28 stk",
    "category": { "sub": "Bleier", "parent": "Barneprodukter" },
    "price": { "price": 47.1, "unitPrice": 1.68, "unit": "stk", "qty": 28.04 }
  },
  {
    "title": "Sleep Tight Bedmats",
    "subtitle": "7 stk",
    "category": { "sub": "Bleier", "parent": "Barneprodukter" },
    "price": { "price": 87.6, "unitPrice": 12.51, "unit": "stk", "qty": 7 }
  },
  {
    "title": "Libero Sleep Tight",
    "subtitle": "S9, 22-37 kg, 10 stk",
    "category": { "sub": "Bleier", "parent": "Barneprodukter" },
    "price": { "price": 102.6, "unitPrice": 10.26, "unit": "stk", "qty": 10 }
  },
  {
    "title": "Libero Sleep Tight",
    "subtitle": "S 10 35-60 kg, 9 stk",
    "category": { "sub": "Bleier", "parent": "Barneprodukter" },
    "price": { "price": 102.6, "unitPrice": 11.4, "unit": "stk", "qty": 9 }
  },
  {
    "title": "Libero Swimpants Medium",
    "subtitle": "Fra 10-16 kg, 6 stk",
    "category": { "sub": "Bleier", "parent": "Barneprodukter" },
    "price": { "price": 34.6, "unitPrice": 5.77, "unit": "stk", "qty": 6 }
  },
  {
    "title": "Libero Swimpants Small",
    "subtitle": "Fra 7-12 kg, 6 stk",
    "category": { "sub": "Bleier", "parent": "Barneprodukter" },
    "price": { "price": 31.7, "unitPrice": 5.28, "unit": "stk", "qty": 6 }
  },
  {
    "title": "Stelleunderlag",
    "subtitle": "6 stk",
    "category": { "sub": "Bleier", "parent": "Barneprodukter" },
    "price": { "price": 23.6, "unitPrice": 3.93, "unit": "stk", "qty": 6.01 }
  },
  {
    "title": "Bleieposer",
    "subtitle": "45 stk",
    "category": { "sub": "Bleier", "parent": "Barneprodukter" },
    "price": { "price": 21.6, "unitPrice": 0.48, "unit": "stk", "qty": 45 }
  },
  {
    "title": "Min Grøt Mild Havre",
    "subtitle": "Fra 4 mnd, 270 g",
    "category": { "sub": "Grøt", "parent": "Barneprodukter" },
    "price": { "price": 46.2, "unitPrice": 171.11, "unit": "kg", "qty": 0.27 }
  },
  {
    "title": "Spesialgrøt Sinlac",
    "subtitle": "Fra 4 mnd, 500 g",
    "category": { "sub": "Grøt", "parent": "Barneprodukter" },
    "price": { "price": 59, "unitPrice": 118, "unit": "kg", "qty": 0.5 }
  },
  {
    "title": "Min Glutenfri Grøt Eple & Banan",
    "subtitle": "Fra 4 mnd, 240 g",
    "category": { "sub": "Grøt", "parent": "Barneprodukter" },
    "price": { "price": 33.8, "unitPrice": 140.83, "unit": "kg", "qty": 0.24 }
  },
  {
    "title": "Min Grøt Havre Pære Banan",
    "subtitle": "Fra 6 mnd, 480 g",
    "category": { "sub": "Grøt", "parent": "Barneprodukter" },
    "price": { "price": 61.8, "unitPrice": 128.75, "unit": "kg", "qty": 0.48 }
  },
  {
    "title": "Min Grøt Mild Havre Bringebær",
    "subtitle": "Fra 6 mnd, 480 g",
    "category": { "sub": "Grøt", "parent": "Barneprodukter" },
    "price": { "price": 61.8, "unitPrice": 128.75, "unit": "kg", "qty": 0.48 }
  },
  {
    "title": "Min Grøt God Natt Havre",
    "subtitle": "Fra 6 mnd, 480 g",
    "category": { "sub": "Grøt", "parent": "Barneprodukter" },
    "price": { "price": 59.8, "unitPrice": 124.58, "unit": "kg", "qty": 0.48 }
  },
  {
    "title": "Min Grøt God Natt Fullkorn",
    "subtitle": "Fra 8 mnd, 480 g",
    "category": { "sub": "Grøt", "parent": "Barneprodukter" },
    "price": { "price": 61.8, "unitPrice": 128.75, "unit": "kg", "qty": 0.48 }
  },
  {
    "title": "Min Grøt Fullkorn Eple Gulrot",
    "subtitle": "Fra 8 mnd, 480 g",
    "category": { "sub": "Grøt", "parent": "Barneprodukter" },
    "price": { "price": 71.8, "unitPrice": 149.58, "unit": "kg", "qty": 0.48 }
  },
  {
    "title": "Fullkorn Yoghurt Pære Banan",
    "subtitle": "Fra 8 mnd, 480 g",
    "category": { "sub": "Grøt", "parent": "Barneprodukter" },
    "price": { "price": 74.8, "unitPrice": 155.83, "unit": "kg", "qty": 0.48 }
  },
  {
    "title": "Min Grøt Havre Banan Mango",
    "subtitle": "Fra 8 mnd, 480 g",
    "category": { "sub": "Grøt", "parent": "Barneprodukter" },
    "price": { "price": 61.8, "unitPrice": 128.75, "unit": "kg", "qty": 0.48 }
  },
  {
    "title": "Fullkorn Eksotiske Frukter",
    "subtitle": "Fra 1 år, 480 g",
    "category": { "sub": "Grøt", "parent": "Barneprodukter" },
    "price": { "price": 81.9, "unitPrice": 170.63, "unit": "kg", "qty": 0.48 }
  },
  {
    "title": "Min Velling Fullkorn",
    "subtitle": "Fra 12 mnd, 750 g",
    "category": { "sub": "Grøt", "parent": "Barneprodukter" },
    "price": { "price": 79.8, "unitPrice": 106.4, "unit": "kg", "qty": 0.75 }
  },
  {
    "title": "Junior God Natt Fullkorn med Rug",
    "subtitle": "Fra 1-3 år, 480 g",
    "category": { "sub": "Grøt", "parent": "Barneprodukter" },
    "price": { "price": 64.8, "unitPrice": 135, "unit": "kg", "qty": 0.48 }
  },
  {
    "title": "Junior Fullkorn Jordbær Banan",
    "subtitle": "Fra 1,5 år, 480 g",
    "category": { "sub": "Grøt", "parent": "Barneprodukter" },
    "price": { "price": 61.8, "unitPrice": 128.75, "unit": "kg", "qty": 0.48 }
  },
  {
    "title": "Mild Havregrøt",
    "subtitle": "Fra 4 mnd, 270 g",
    "category": { "sub": "Grøt", "parent": "Barneprodukter" },
    "price": { "price": 51.4, "unitPrice": 190.37, "unit": "kg", "qty": 0.27 }
  },
  {
    "title": "Mild Fullkornsgrøt med Banan & Plomme",
    "subtitle": "Fra 8 mnd 14 posjoner, 420 g",
    "category": { "sub": "Grøt", "parent": "Barneprodukter" },
    "price": { "price": 66.4, "unitPrice": 158.1, "unit": "kg", "qty": 0.42 }
  },
  {
    "title": "Havregrøt",
    "subtitle": "fra 6 mnd, 14 posjoner, 420 g",
    "category": { "sub": "Grøt", "parent": "Barneprodukter" },
    "price": { "price": 79.8, "unitPrice": 190, "unit": "kg", "qty": 0.42 }
  },
  {
    "title": "Fullkornsgrøt nøytral",
    "subtitle": "8 mnd økologisk, 420 g",
    "category": { "sub": "Grøt", "parent": "Barneprodukter" },
    "price": { "price": 83.9, "unitPrice": 199.76, "unit": "kg", "qty": 0.42 }
  },
  {
    "title": "Flerkornsgrøt med Bær",
    "subtitle": "Fra 12 mnd, 420 g",
    "category": { "sub": "Grøt", "parent": "Barneprodukter" },
    "price": { "price": 79.4, "unitPrice": 189.05, "unit": "kg", "qty": 0.42 }
  },
  {
    "title": "Havregrøt Naturell",
    "subtitle": "Fra 6 mnd, 480 g",
    "category": { "sub": "Grøt", "parent": "Barneprodukter" },
    "price": { "price": 62.6, "unitPrice": 130.42, "unit": "kg", "qty": 0.48 }
  },
  {
    "title": "Melkefri Grøt Mais & Banan",
    "subtitle": "Fra 6 mnd, 400 g",
    "category": { "sub": "Grøt", "parent": "Barneprodukter" },
    "price": { "price": 95.9, "unitPrice": 239.75, "unit": "kg", "qty": 0.4 }
  },
  {
    "title": "Fullkorngrøt Pære & Banan",
    "subtitle": "Fra 8 mnd, 480 g",
    "category": { "sub": "Grøt", "parent": "Barneprodukter" },
    "price": { "price": 65.1, "unitPrice": 135.63, "unit": "kg", "qty": 0.48 }
  },
  {
    "title": "Fullkornsrøt Eple & Pære",
    "subtitle": "Fra 12 mnd, 530 g",
    "category": { "sub": "Grøt", "parent": "Barneprodukter" },
    "price": { "price": 79.8, "unitPrice": 150.57, "unit": "kg", "qty": 0.53 }
  },
  {
    "title": "Havregrøt, Bringebær & Yoghurt",
    "subtitle": "Fra 18 mnd, 250 g",
    "category": { "sub": "Grøt", "parent": "Barneprodukter" },
    "price": { "price": 80.9, "unitPrice": 323.6, "unit": "kg", "qty": 0.25 }
  },
  {
    "title": "Pink Porridge",
    "subtitle": "fra 6 mnd økologisk, 100 g",
    "category": { "sub": "Grøt", "parent": "Barneprodukter" },
    "price": { "price": 29.9, "unitPrice": 299, "unit": "kg", "qty": 0.1 }
  },
  {
    "title": "Organix Grøt",
    "subtitle": "Havre, Eple, Banan, Bringebær & Blåbær, 100 g",
    "category": { "sub": "Grøt", "parent": "Barneprodukter" },
    "price": { "price": 16.6, "unitPrice": 166, "unit": "kg", "qty": 0.1 }
  },
  {
    "title": "Grøt Eple & Fersken",
    "subtitle": "Fra 6 mnd, 120 g",
    "category": { "sub": "Grøt", "parent": "Barneprodukter" },
    "price": { "price": 17.3, "unitPrice": 144.17, "unit": "kg", "qty": 0.12 }
  },
  {
    "title": "Grøt Jordbær & Banan",
    "subtitle": "Fra 6 mnd, 120 g",
    "category": { "sub": "Grøt", "parent": "Barneprodukter" },
    "price": { "price": 23.1, "unitPrice": 192.5, "unit": "kg", "qty": 0.12 }
  },
  {
    "title": "Grøt Pære & Aprikos",
    "subtitle": "Fra 6 mnd, 120 g",
    "category": { "sub": "Grøt", "parent": "Barneprodukter" },
    "price": { "price": 20, "unitPrice": 166.67, "unit": "kg", "qty": 0.12 }
  },
  {
    "title": "Lev Vel Grøt Banan & Solbær",
    "subtitle": "Fra 6 mnd, 90 g",
    "category": { "sub": "Grøt", "parent": "Barneprodukter" },
    "price": { "price": 14.6, "unitPrice": 162.22, "unit": "kg", "qty": 0.09 }
  },
  {
    "title": "Lev Vel Grøt Mango & Kiwi",
    "subtitle": "Fra 6 mnd, 90 g",
    "category": { "sub": "Grøt", "parent": "Barneprodukter" },
    "price": { "price": 14.6, "unitPrice": 162.22, "unit": "kg", "qty": 0.09 }
  },
  {
    "title": "Lev Vel Grøt Skogsbær & Quinoa",
    "subtitle": "Fra 6 mnd, 90 g",
    "category": { "sub": "Grøt", "parent": "Barneprodukter" },
    "price": { "price": 14.6, "unitPrice": 162.22, "unit": "kg", "qty": 0.09 }
  },
  {
    "title": "Grøt Grønnsaksmoothie",
    "subtitle": "Økologisk, 110 g",
    "category": { "sub": "Grøt", "parent": "Barneprodukter" },
    "price": { "price": 22.1, "unitPrice": 200.91, "unit": "kg", "qty": 0.11 }
  },
  {
    "title": "Grøt Eple Blåbæsmoothie",
    "subtitle": "Økologisk, 110 g",
    "category": { "sub": "Grøt", "parent": "Barneprodukter" },
    "price": { "price": 22.1, "unitPrice": 200.91, "unit": "kg", "qty": 0.11 }
  },
  {
    "title": "Oat Bowl Mango & Koko",
    "subtitle": "8mnd 2x130g, 260 g",
    "category": { "sub": "Grøt", "parent": "Barneprodukter" },
    "price": { "price": 32.9, "unitPrice": 126.54, "unit": "kg", "qty": 0.26 }
  },
  {
    "title": "Sviskemos",
    "subtitle": "Fra 4 mnd, 125 g",
    "category": { "sub": "Middagsglass", "parent": "Barneprodukter" },
    "price": { "price": 16.7, "unitPrice": 133.6, "unit": "kg", "qty": 0.13 }
  },
  {
    "title": "NaturNes Gulrot & Potet",
    "subtitle": "4 mnd, 125 g",
    "category": { "sub": "Middagsglass", "parent": "Barneprodukter" },
    "price": { "price": 15.8, "unitPrice": 126.4, "unit": "kg", "qty": 0.13 }
  },
  {
    "title": "Naturnes Parsnip Sweet Potato",
    "subtitle": "4 mnd, 125 g",
    "category": { "sub": "Middagsglass", "parent": "Barneprodukter" },
    "price": { "price": 19.6, "unitPrice": 156.8, "unit": "kg", "qty": 0.13 }
  },
  {
    "title": "Spagetti Bolognese Økologisk",
    "subtitle": "Fra 6 mnd, 190 g",
    "category": { "sub": "Middagsglass", "parent": "Barneprodukter" },
    "price": { "price": 20.8, "unitPrice": 109.47, "unit": "kg", "qty": 0.19 }
  },
  {
    "title": "NaturNes Lapskaus",
    "subtitle": "Fra 6 mnd, 190 g",
    "category": { "sub": "Middagsglass", "parent": "Barneprodukter" },
    "price": { "price": 19, "unitPrice": 100, "unit": "kg", "qty": 0.19 }
  },
  {
    "title": "NaturNes Søtpotet & Kylling",
    "subtitle": "Fra 6 mnd, 190 g",
    "category": { "sub": "Middagsglass", "parent": "Barneprodukter" },
    "price": { "price": 20.8, "unitPrice": 109.47, "unit": "kg", "qty": 0.19 }
  },
  {
    "title": "NaturNes Potetmos & Kjøttkaker",
    "subtitle": "Fra 8 mnd, 190 g",
    "category": { "sub": "Middagsglass", "parent": "Barneprodukter" },
    "price": { "price": 21.8, "unitPrice": 114.74, "unit": "kg", "qty": 0.19 }
  },
  {
    "title": "NaturNes Rotfrukter med Laks",
    "subtitle": "Fra 8 mnd, 190 g",
    "category": { "sub": "Middagsglass", "parent": "Barneprodukter" },
    "price": { "price": 16.4, "unitPrice": 86.32, "unit": "kg", "qty": 0.19 }
  },
  {
    "title": "Couscous med Kylling",
    "subtitle": "Fra 8 mnd, 195 g",
    "category": { "sub": "Middagsglass", "parent": "Barneprodukter" },
    "price": { "price": 16.8, "unitPrice": 86.15, "unit": "kg", "qty": 0.2 }
  },
  {
    "title": "Spagetti Bolognese Økologisk",
    "subtitle": "Fra 8 mnd, 190 g",
    "category": { "sub": "Middagsglass", "parent": "Barneprodukter" },
    "price": { "price": 16.4, "unitPrice": 86.32, "unit": "kg", "qty": 0.19 }
  },
  {
    "title": "Fullkorn Lasagne Økologisk",
    "subtitle": "Fra 8 mnd, 195 g",
    "category": { "sub": "Middagsglass", "parent": "Barneprodukter" },
    "price": { "price": 15.6, "unitPrice": 80, "unit": "kg", "qty": 0.2 }
  },
  {
    "title": "NaturNes Couscous Biff",
    "subtitle": "Fra 12 mnd, 190 g",
    "category": { "sub": "Middagsglass", "parent": "Barneprodukter" },
    "price": { "price": 21, "unitPrice": 110.53, "unit": "kg", "qty": 0.19 }
  },
  {
    "title": "Spagetti Bolognese Økologisk",
    "subtitle": "Fra 12 mnd, 190 g",
    "category": { "sub": "Middagsglass", "parent": "Barneprodukter" },
    "price": { "price": 21.2, "unitPrice": 111.58, "unit": "kg", "qty": 0.19 }
  },
  {
    "title": "NaturNes Lasagne Fullkorn",
    "subtitle": "Fra 12 mnd, 190 g",
    "category": { "sub": "Middagsglass", "parent": "Barneprodukter" },
    "price": { "price": 16.4, "unitPrice": 86.32, "unit": "kg", "qty": 0.19 }
  },
  {
    "title": "Naturnes Pasta med Laks",
    "subtitle": "Fra 12 mnd, 190 g",
    "category": { "sub": "Middagsglass", "parent": "Barneprodukter" },
    "price": { "price": 21.8, "unitPrice": 114.74, "unit": "kg", "qty": 0.19 }
  },
  {
    "title": "Biff Stroganoff Med Pasta",
    "subtitle": "fra 1-3 år, 220 g",
    "category": { "sub": "Middagsglass", "parent": "Barneprodukter" },
    "price": { "price": 17.6, "unitPrice": 80, "unit": "kg", "qty": 0.22 }
  },
  {
    "title": "Couscous med Laks",
    "subtitle": "1-3 år, 220 g",
    "category": { "sub": "Middagsglass", "parent": "Barneprodukter" },
    "price": { "price": 18.4, "unitPrice": 83.64, "unit": "kg", "qty": 0.22 }
  },
  {
    "title": "Spaghetti Bolognese Fullkorn",
    "subtitle": "fra 1-3 år, 220 g",
    "category": { "sub": "Middagsglass", "parent": "Barneprodukter" },
    "price": { "price": 17.6, "unitPrice": 80, "unit": "kg", "qty": 0.22 }
  },
  {
    "title": "Lasagne Spiseklar",
    "subtitle": "Fra 6 mnd, 120 g",
    "category": { "sub": "Middagsglass", "parent": "Barneprodukter" },
    "price": { "price": 18.6, "unitPrice": 155, "unit": "kg", "qty": 0.12 }
  },
  {
    "title": "Spaghetti Bolognese Spiseklar",
    "subtitle": "Fra 6 mnd, 120 g",
    "category": { "sub": "Middagsglass", "parent": "Barneprodukter" },
    "price": { "price": 17.4, "unitPrice": 145, "unit": "kg", "qty": 0.12 }
  },
  {
    "title": "Couscous med Kylling Spiseklar",
    "subtitle": "Fra 6 mnd, 120 g",
    "category": { "sub": "Middagsglass", "parent": "Barneprodukter" },
    "price": { "price": 20, "unitPrice": 166.67, "unit": "kg", "qty": 0.12 }
  },
  {
    "title": "Pastagrateng med Skinke",
    "subtitle": "Fra 8 mnd, 190 g",
    "category": { "sub": "Middagsglass", "parent": "Barneprodukter" },
    "price": { "price": 21.1, "unitPrice": 111.05, "unit": "kg", "qty": 0.19 }
  },
  {
    "title": "Kjøttkaker I Brun Saus",
    "subtitle": "Fra 8 mnd, 190 g",
    "category": { "sub": "Middagsglass", "parent": "Barneprodukter" },
    "price": { "price": 16.6, "unitPrice": 87.37, "unit": "kg", "qty": 0.19 }
  },
  {
    "title": "Fiskegrateng",
    "subtitle": "Fra 12 mnd, 190 g",
    "category": { "sub": "Middagsglass", "parent": "Barneprodukter" },
    "price": { "price": 20.6, "unitPrice": 108.42, "unit": "kg", "qty": 0.19 }
  },
  {
    "title": "Rotfrukter med Oksjekjøtt",
    "subtitle": "Fra 6 mnd, 190 g",
    "category": { "sub": "Middagsglass", "parent": "Barneprodukter" },
    "price": { "price": 23.2, "unitPrice": 122.11, "unit": "kg", "qty": 0.19 }
  },
  {
    "title": "Pasta med Broccoli",
    "subtitle": "Fra 6 mnd, 190 g",
    "category": { "sub": "Middagsglass", "parent": "Barneprodukter" },
    "price": { "price": 24.8, "unitPrice": 130.53, "unit": "kg", "qty": 0.19 }
  },
  {
    "title": "Grønnsaks- & Kyllinggryte",
    "subtitle": "Økologisk, fra 6 mnd, 190 g",
    "category": { "sub": "Middagsglass", "parent": "Barneprodukter" },
    "price": { "price": 19.9, "unitPrice": 104.74, "unit": "kg", "qty": 0.19 }
  },
  {
    "title": "Økologiske Favorittnudler",
    "subtitle": "Fra 6 mnd, 190 g",
    "category": { "sub": "Middagsglass", "parent": "Barneprodukter" },
    "price": { "price": 23.6, "unitPrice": 124.21, "unit": "kg", "qty": 0.19 }
  },
  {
    "title": "Grønnsaks- & Kalvegryte",
    "subtitle": "Økologisk, fra 8mnd, 190 g",
    "category": { "sub": "Middagsglass", "parent": "Barneprodukter" },
    "price": { "price": 21.4, "unitPrice": 112.63, "unit": "kg", "qty": 0.19 }
  },
  {
    "title": "Grønnsaker & Oksekjøtt",
    "subtitle": "Fra 12 mnd, 190 g",
    "category": { "sub": "Middagsglass", "parent": "Barneprodukter" },
    "price": { "price": 24.8, "unitPrice": 130.53, "unit": "kg", "qty": 0.19 }
  },
  {
    "title": "Grønnsaksrisotto & Kalkun",
    "subtitle": "Fra 12 mnd, 220 g",
    "category": { "sub": "Middagsglass", "parent": "Barneprodukter" },
    "price": { "price": 24.9, "unitPrice": 113.18, "unit": "kg", "qty": 0.22 }
  },
  {
    "title": "Tortiglioni med Kjøtt",
    "subtitle": "Fra 12 mnd, 250 g",
    "category": { "sub": "Middagsglass", "parent": "Barneprodukter" },
    "price": { "price": 24.4, "unitPrice": 97.6, "unit": "kg", "qty": 0.25 }
  },
  {
    "title": "Eple Gulrot + Pastinakk",
    "subtitle": "Økologisk, Fra 4 mnd, 120 g",
    "category": { "sub": "Middagsglass", "parent": "Barneprodukter" },
    "price": { "price": 27.9, "unitPrice": 27.9, "unit": "stk", "qty": 1 }
  },
  {
    "title": "Naturnes Fiskegryte",
    "subtitle": "Fra 8 mnd, 190 g",
    "category": { "sub": "Middagsglass", "parent": "Barneprodukter" },
    "price": { "price": 19.8, "unitPrice": 104.21, "unit": "kg", "qty": 0.19 }
  },
  {
    "title": "Ragu M Potet & Oksekjøtt",
    "subtitle": "fra 8 mnd økologisk, 185 g",
    "category": { "sub": "Middagsglass", "parent": "Barneprodukter" },
    "price": { "price": 25.9, "unitPrice": 140, "unit": "kg", "qty": 0.18 }
  },
  {
    "title": "Sweety Potatoes",
    "subtitle": "fra 6 mnd økologisk, 100 g",
    "category": {
      "sub": "Smoothie, yoghurt og mellommåltid",
      "parent": "Barneprodukter"
    },
    "price": { "price": 29.9, "unitPrice": 299, "unit": "kg", "qty": 0.1 }
  },
  {
    "title": "Fantastic Fruits",
    "subtitle": "fra 6 mnd økologisk, 100 g",
    "category": {
      "sub": "Smoothie, yoghurt og mellommåltid",
      "parent": "Barneprodukter"
    },
    "price": { "price": 29.9, "unitPrice": 299, "unit": "kg", "qty": 0.1 }
  },
  {
    "title": "Pink Porridge",
    "subtitle": "fra 6 mnd økologisk, 100 g",
    "category": {
      "sub": "Smoothie, yoghurt og mellommåltid",
      "parent": "Barneprodukter"
    },
    "price": { "price": 29.9, "unitPrice": 299, "unit": "kg", "qty": 0.1 }
  },
  {
    "title": "Sviske Sviske",
    "subtitle": "Fra 4 mnd, 70 g",
    "category": {
      "sub": "Smoothie, yoghurt og mellommåltid",
      "parent": "Barneprodukter"
    },
    "price": { "price": 17.7, "unitPrice": 252.86, "unit": "kg", "qty": 0.07 }
  },
  {
    "title": "Banan Banan",
    "subtitle": "Fra 4 mnd, 70 g",
    "category": {
      "sub": "Smoothie, yoghurt og mellommåltid",
      "parent": "Barneprodukter"
    },
    "price": { "price": 14.4, "unitPrice": 205.71, "unit": "kg", "qty": 0.07 }
  },
  {
    "title": "Mango Mango",
    "subtitle": "Fra 4 mnd, 70 g",
    "category": {
      "sub": "Smoothie, yoghurt og mellommåltid",
      "parent": "Barneprodukter"
    },
    "price": { "price": 15.8, "unitPrice": 225.71, "unit": "kg", "qty": 0.07 }
  },
  {
    "title": "Mango Pære + Papaya",
    "subtitle": "Fra 4 mnd, 120 g",
    "category": {
      "sub": "Smoothie, yoghurt og mellommåltid",
      "parent": "Barneprodukter"
    },
    "price": { "price": 26.7, "unitPrice": 222.5, "unit": "kg", "qty": 0.12 }
  },
  {
    "title": "Fruktris Fersken + Pære",
    "subtitle": "Fra 4 mnd, 120 g",
    "category": {
      "sub": "Smoothie, yoghurt og mellommåltid",
      "parent": "Barneprodukter"
    },
    "price": { "price": 23.9, "unitPrice": 199.17, "unit": "kg", "qty": 0.12 }
  },
  {
    "title": "Jordbær Rabarbra + Eple",
    "subtitle": "Fra 4 mnd, 120 g",
    "category": {
      "sub": "Smoothie, yoghurt og mellommåltid",
      "parent": "Barneprodukter"
    },
    "price": { "price": 26.4, "unitPrice": 220, "unit": "kg", "qty": 0.12 }
  },
  {
    "title": "Banan + Kokos",
    "subtitle": "Fra 4 mnd, 120 g",
    "category": {
      "sub": "Smoothie, yoghurt og mellommåltid",
      "parent": "Barneprodukter"
    },
    "price": { "price": 24.8, "unitPrice": 206.67, "unit": "kg", "qty": 0.12 }
  },
  {
    "title": "Blåbær Eple Banan+Vanilje",
    "subtitle": "Fra 4 mnd, 120 g",
    "category": {
      "sub": "Smoothie, yoghurt og mellommåltid",
      "parent": "Barneprodukter"
    },
    "price": { "price": 25.4, "unitPrice": 211.67, "unit": "kg", "qty": 0.12 }
  },
  {
    "title": "Jordbær + Eple",
    "subtitle": "Fra 4 mnd, 120 g",
    "category": {
      "sub": "Smoothie, yoghurt og mellommåltid",
      "parent": "Barneprodukter"
    },
    "price": { "price": 24.9, "unitPrice": 207.5, "unit": "kg", "qty": 0.12 }
  },
  {
    "title": "Squash Eple + Avokado",
    "subtitle": "Fra 4 mnd, 120 g",
    "category": {
      "sub": "Smoothie, yoghurt og mellommåltid",
      "parent": "Barneprodukter"
    },
    "price": { "price": 28.4, "unitPrice": 236.67, "unit": "kg", "qty": 0.12 }
  },
  {
    "title": "The White One Smoothie",
    "subtitle": "Fra 6 mnd, 90 g",
    "category": {
      "sub": "Smoothie, yoghurt og mellommåltid",
      "parent": "Barneprodukter"
    },
    "price": { "price": 20.3, "unitPrice": 225.56, "unit": "kg", "qty": 0.09 }
  },
  {
    "title": "The Purple One Smoothie",
    "subtitle": "Fra 6 mnd, 90 g",
    "category": {
      "sub": "Smoothie, yoghurt og mellommåltid",
      "parent": "Barneprodukter"
    },
    "price": { "price": 22, "unitPrice": 244.44, "unit": "kg", "qty": 0.09 }
  },
  {
    "title": "The Red One Smoothie",
    "subtitle": "Fra 6 mnd, 90 g",
    "category": {
      "sub": "Smoothie, yoghurt og mellommåltid",
      "parent": "Barneprodukter"
    },
    "price": { "price": 16.4, "unitPrice": 182.22, "unit": "kg", "qty": 0.09 }
  },
  {
    "title": "The Green One, Smoothie",
    "subtitle": "Fra 6 mnd, 90 g",
    "category": {
      "sub": "Smoothie, yoghurt og mellommåltid",
      "parent": "Barneprodukter"
    },
    "price": { "price": 19.2, "unitPrice": 213.33, "unit": "kg", "qty": 0.09 }
  },
  {
    "title": "The Yellow One Smoothie",
    "subtitle": "Fra 6 mnd, 90 g",
    "category": {
      "sub": "Smoothie, yoghurt og mellommåltid",
      "parent": "Barneprodukter"
    },
    "price": { "price": 20.4, "unitPrice": 226.67, "unit": "kg", "qty": 0.09 }
  },
  {
    "title": "The Pink One Smoothie",
    "subtitle": "Fra 6 mnd, 90 g",
    "category": {
      "sub": "Smoothie, yoghurt og mellommåltid",
      "parent": "Barneprodukter"
    },
    "price": { "price": 19, "unitPrice": 211.11, "unit": "kg", "qty": 0.09 }
  },
  {
    "title": "Frukt Yoghurt + Havre Mango",
    "subtitle": "Fra 6 mnd, 100 g",
    "category": {
      "sub": "Smoothie, yoghurt og mellommåltid",
      "parent": "Barneprodukter"
    },
    "price": { "price": 22, "unitPrice": 220, "unit": "kg", "qty": 0.1 }
  },
  {
    "title": "Frukt Yoghurt + Havre Banan",
    "subtitle": "Fra 6 mnd, 100 g",
    "category": {
      "sub": "Smoothie, yoghurt og mellommåltid",
      "parent": "Barneprodukter"
    },
    "price": { "price": 25.9, "unitPrice": 259, "unit": "kg", "qty": 0.1 }
  },
  {
    "title": "Frukt Yoghurt + Havre, Blåbær + Pære",
    "subtitle": "Fra 6 mnd, 100 g",
    "category": {
      "sub": "Smoothie, yoghurt og mellommåltid",
      "parent": "Barneprodukter"
    },
    "price": { "price": 26.4, "unitPrice": 264, "unit": "kg", "qty": 0.1 }
  },
  {
    "title": "Frukt Yoghurt Mango",
    "subtitle": "Fra 6 mnd, 90 g",
    "category": {
      "sub": "Smoothie, yoghurt og mellommåltid",
      "parent": "Barneprodukter"
    },
    "price": { "price": 18.7, "unitPrice": 207.78, "unit": "kg", "qty": 0.09 }
  },
  {
    "title": "Frukt Yoghurt Jordbær",
    "subtitle": "Fra 6 mnd, 90 g",
    "category": {
      "sub": "Smoothie, yoghurt og mellommåltid",
      "parent": "Barneprodukter"
    },
    "price": { "price": 18.7, "unitPrice": 207.78, "unit": "kg", "qty": 0.09 }
  },
  {
    "title": "Yoghurt Melkefri Banan",
    "subtitle": "Fra 6 mnd, 90 g",
    "category": {
      "sub": "Smoothie, yoghurt og mellommåltid",
      "parent": "Barneprodukter"
    },
    "price": { "price": 18.7, "unitPrice": 207.78, "unit": "kg", "qty": 0.09 }
  },
  {
    "title": "Lev Vel Smoothie Jordbær & Bjørnebær",
    "subtitle": "Fra 6 mnd, 90 g",
    "category": {
      "sub": "Smoothie, yoghurt og mellommåltid",
      "parent": "Barneprodukter"
    },
    "price": { "price": 13.4, "unitPrice": 148.89, "unit": "kg", "qty": 0.09 }
  },
  {
    "title": "Lev Vel Smoothie Kiwi & Mango",
    "subtitle": "Fra 6 mnd, 90 g",
    "category": {
      "sub": "Smoothie, yoghurt og mellommåltid",
      "parent": "Barneprodukter"
    },
    "price": { "price": 14.1, "unitPrice": 156.67, "unit": "kg", "qty": 0.09 }
  },
  {
    "title": "Lev Vel Smoothie Søtpotet & Blåbær",
    "subtitle": "Fra 6 mnd, 90 g",
    "category": {
      "sub": "Smoothie, yoghurt og mellommåltid",
      "parent": "Barneprodukter"
    },
    "price": { "price": 15.9, "unitPrice": 176.67, "unit": "kg", "qty": 0.09 }
  },
  {
    "title": "Lev Vel Smoothie Aprikos & Solbær",
    "subtitle": "Fra 6 mnd, 90 g",
    "category": {
      "sub": "Smoothie, yoghurt og mellommåltid",
      "parent": "Barneprodukter"
    },
    "price": { "price": 14.1, "unitPrice": 156.67, "unit": "kg", "qty": 0.09 }
  },
  {
    "title": "Lev Vel Smoothie Skogsbær",
    "subtitle": "Fra 6 mnd, 90 g",
    "category": {
      "sub": "Smoothie, yoghurt og mellommåltid",
      "parent": "Barneprodukter"
    },
    "price": { "price": 15.2, "unitPrice": 168.89, "unit": "kg", "qty": 0.09 }
  },
  {
    "title": "Lev Vel Yoghurt med Frukt Bær",
    "subtitle": "Fra 9 mnd, 90 g",
    "category": {
      "sub": "Smoothie, yoghurt og mellommåltid",
      "parent": "Barneprodukter"
    },
    "price": { "price": 15.6, "unitPrice": 173.33, "unit": "kg", "qty": 0.09 }
  },
  {
    "title": "Lev Vel Yoghurt med Tropisk Frukt",
    "subtitle": "Fra 9 mnd, 90 g",
    "category": {
      "sub": "Smoothie, yoghurt og mellommåltid",
      "parent": "Barneprodukter"
    },
    "price": { "price": 15.6, "unitPrice": 173.33, "unit": "kg", "qty": 0.09 }
  },
  {
    "title": "Min Frukt Eple, Banan&Jordbær",
    "subtitle": "Smoothie, 90 g",
    "category": {
      "sub": "Smoothie, yoghurt og mellommåltid",
      "parent": "Barneprodukter"
    },
    "price": { "price": 13.7, "unitPrice": 152.22, "unit": "kg", "qty": 0.09 }
  },
  {
    "title": "Min Frukt Eple&Bringebær Smoothie",
    "subtitle": "90 g",
    "category": {
      "sub": "Smoothie, yoghurt og mellommåltid",
      "parent": "Barneprodukter"
    },
    "price": { "price": 12.6, "unitPrice": 140, "unit": "kg", "qty": 0.09 }
  },
  {
    "title": "Min Frukt Eple & Pære",
    "subtitle": "Smoothie, 90 g",
    "category": {
      "sub": "Smoothie, yoghurt og mellommåltid",
      "parent": "Barneprodukter"
    },
    "price": { "price": 14.7, "unitPrice": 163.33, "unit": "kg", "qty": 0.09 }
  },
  {
    "title": "Min Grønnsak Smoothie",
    "subtitle": "Gresskar & Gulrot, Økologisk, 90 g",
    "category": {
      "sub": "Smoothie, yoghurt og mellommåltid",
      "parent": "Barneprodukter"
    },
    "price": { "price": 14, "unitPrice": 155.56, "unit": "kg", "qty": 0.09 }
  },
  {
    "title": "NaturNes Pære",
    "subtitle": "Smoothie, 90 g",
    "category": {
      "sub": "Smoothie, yoghurt og mellommåltid",
      "parent": "Barneprodukter"
    },
    "price": { "price": 14.8, "unitPrice": 164.44, "unit": "kg", "qty": 0.09 }
  },
  {
    "title": "Junior 4 Frukter Smoothie",
    "subtitle": "110 g",
    "category": {
      "sub": "Smoothie, yoghurt og mellommåltid",
      "parent": "Barneprodukter"
    },
    "price": { "price": 20.1, "unitPrice": 182.73, "unit": "kg", "qty": 0.11 }
  },
  {
    "title": "Jogolino jordbær&banan",
    "subtitle": "Fra 10mnd, 400 g",
    "category": {
      "sub": "Smoothie, yoghurt og mellommåltid",
      "parent": "Barneprodukter"
    },
    "price": { "price": 37.6, "unitPrice": 94, "unit": "kg", "qty": 0.4 }
  },
  {
    "title": "Organix Mango, Pære & Granola",
    "subtitle": "Fra 6 mnd, 100 g",
    "category": {
      "sub": "Smoothie, yoghurt og mellommåltid",
      "parent": "Barneprodukter"
    },
    "price": { "price": 20.6, "unitPrice": 206, "unit": "kg", "qty": 0.1 }
  },
  {
    "title": "Organix Eple, Jordbær & Quinoa",
    "subtitle": "100 g",
    "category": {
      "sub": "Smoothie, yoghurt og mellommåltid",
      "parent": "Barneprodukter"
    },
    "price": { "price": 18.8, "unitPrice": 188, "unit": "kg", "qty": 0.1 }
  },
  {
    "title": "Organix Yoghurt Apple & Strawberry",
    "subtitle": "6 Mnd, 100 g",
    "category": {
      "sub": "Smoothie, yoghurt og mellommåltid",
      "parent": "Barneprodukter"
    },
    "price": { "price": 18.4, "unitPrice": 184, "unit": "kg", "qty": 0.1 }
  },
  {
    "title": "Organix Just Apple Strawberry & Blueberry",
    "subtitle": "6 mnd, 100 g",
    "category": {
      "sub": "Smoothie, yoghurt og mellommåltid",
      "parent": "Barneprodukter"
    },
    "price": { "price": 18.8, "unitPrice": 188, "unit": "kg", "qty": 0.1 }
  },
  {
    "title": "Dryckis Mild Jordbærdrikk",
    "subtitle": "fra 1 år, 150 ml",
    "category": {
      "sub": "Smoothie, yoghurt og mellommåltid",
      "parent": "Barneprodukter"
    },
    "price": { "price": 13.9, "unitPrice": 92.67, "unit": "l", "qty": 0.15 }
  },
  {
    "title": "Dryckis Mild Epledrikk",
    "subtitle": "fra 1 år, 150 ml",
    "category": {
      "sub": "Smoothie, yoghurt og mellommåltid",
      "parent": "Barneprodukter"
    },
    "price": { "price": 13.9, "unitPrice": 92.67, "unit": "l", "qty": 0.15 }
  },
  {
    "title": "Junior Yoghurt",
    "subtitle": "Blåbær, 90 g",
    "category": {
      "sub": "Smoothie, yoghurt og mellommåltid",
      "parent": "Barneprodukter"
    },
    "price": { "price": 15.4, "unitPrice": 171.11, "unit": "kg", "qty": 0.09 }
  },
  {
    "title": "Junior Yoghurt",
    "subtitle": "Jordbær, 90 g",
    "category": {
      "sub": "Smoothie, yoghurt og mellommåltid",
      "parent": "Barneprodukter"
    },
    "price": { "price": 15.4, "unitPrice": 171.11, "unit": "kg", "qty": 0.09 }
  },
  {
    "title": "Junior Yoghurt",
    "subtitle": "Fruktmiks 8 x 125g, 1000 g",
    "category": {
      "sub": "Smoothie, yoghurt og mellommåltid",
      "parent": "Barneprodukter"
    },
    "price": { "price": 43.7, "unitPrice": 43.7, "unit": "kg", "qty": 1 }
  },
  {
    "title": "Skyr Mini Banan",
    "subtitle": "Pose, 90 g",
    "category": {
      "sub": "Smoothie, yoghurt og mellommåltid",
      "parent": "Barneprodukter"
    },
    "price": { "price": 13.8, "unitPrice": 153.33, "unit": "kg", "qty": 0.09 }
  },
  {
    "title": "Skyr Mini Jordbær",
    "subtitle": "Pose, 90 g",
    "category": {
      "sub": "Smoothie, yoghurt og mellommåltid",
      "parent": "Barneprodukter"
    },
    "price": { "price": 13.8, "unitPrice": 153.33, "unit": "kg", "qty": 0.09 }
  },
  {
    "title": "Skyr Mini Bringebær",
    "subtitle": "90 g",
    "category": {
      "sub": "Smoothie, yoghurt og mellommåltid",
      "parent": "Barneprodukter"
    },
    "price": { "price": 13.8, "unitPrice": 153.33, "unit": "kg", "qty": 0.09 }
  },
  {
    "title": "Skyr Mango og Pasjonsfrukt",
    "subtitle": "125 g",
    "category": {
      "sub": "Smoothie, yoghurt og mellommåltid",
      "parent": "Barneprodukter"
    },
    "price": { "price": 18.8, "unitPrice": 150.4, "unit": "kg", "qty": 0.13 }
  },
  {
    "title": "Q Frokostyoghurt Melon & Pasjonsfrukt",
    "subtitle": "125 g",
    "category": {
      "sub": "Smoothie, yoghurt og mellommåltid",
      "parent": "Barneprodukter"
    },
    "price": { "price": 14.8, "unitPrice": 118.4, "unit": "kg", "qty": 0.13 }
  },
  {
    "title": "Q Frokostyoghurt Blåbær",
    "subtitle": "125 g",
    "category": {
      "sub": "Smoothie, yoghurt og mellommåltid",
      "parent": "Barneprodukter"
    },
    "price": { "price": 14.8, "unitPrice": 118.4, "unit": "kg", "qty": 0.13 }
  },
  {
    "title": "Q Barneyoghurt Bringebær",
    "subtitle": "135 g",
    "category": {
      "sub": "Smoothie, yoghurt og mellommåltid",
      "parent": "Barneprodukter"
    },
    "price": { "price": 14.8, "unitPrice": 109.63, "unit": "kg", "qty": 0.13 }
  },
  {
    "title": "Q Barneyoghurt Banan",
    "subtitle": "135 g",
    "category": {
      "sub": "Smoothie, yoghurt og mellommåltid",
      "parent": "Barneprodukter"
    },
    "price": { "price": 14.8, "unitPrice": 109.63, "unit": "kg", "qty": 0.13 }
  },
  {
    "title": "Q Vanilje Barneyoghurt",
    "subtitle": "135 g",
    "category": {
      "sub": "Smoothie, yoghurt og mellommåltid",
      "parent": "Barneprodukter"
    },
    "price": { "price": 14.8, "unitPrice": 109.63, "unit": "kg", "qty": 0.13 }
  },
  {
    "title": "Danonino Drikkeyoghurt",
    "subtitle": "Jordbær 4x100g, 400 g",
    "category": {
      "sub": "Smoothie, yoghurt og mellommåltid",
      "parent": "Barneprodukter"
    },
    "price": { "price": 27.8, "unitPrice": 69.5, "unit": "kg", "qty": 0.4 }
  },
  {
    "title": "Drikkeyoghurt",
    "subtitle": "Bringebær 4x100g, 400 g",
    "category": {
      "sub": "Smoothie, yoghurt og mellommåltid",
      "parent": "Barneprodukter"
    },
    "price": { "price": 35.6, "unitPrice": 89, "unit": "kg", "qty": 0.4 }
  },
  {
    "title": "Yoghurt Mix No1",
    "subtitle": "6x50g, 300 g",
    "category": {
      "sub": "Smoothie, yoghurt og mellommåltid",
      "parent": "Barneprodukter"
    },
    "price": { "price": 19.7, "unitPrice": 65.67, "unit": "kg", "qty": 0.3 }
  },
  {
    "title": "Junior Fruktstang",
    "subtitle": "Fra 12 mnd, 25 g",
    "category": {
      "sub": "Smoothie, yoghurt og mellommåltid",
      "parent": "Barneprodukter"
    },
    "price": { "price": 8.5, "unitPrice": 340, "unit": "kg", "qty": 0.03 }
  },
  {
    "title": "Jr Fruktstang Havresolbærblåbær",
    "subtitle": "Fra 12 mnd, 25 g",
    "category": {
      "sub": "Smoothie, yoghurt og mellommåltid",
      "parent": "Barneprodukter"
    },
    "price": { "price": 10.8, "unitPrice": 432, "unit": "kg", "qty": 0.03 }
  },
  {
    "title": "Havrebar Jordbær + Eple",
    "subtitle": "Fra 12 mnd, 20 g",
    "category": {
      "sub": "Smoothie, yoghurt og mellommåltid",
      "parent": "Barneprodukter"
    },
    "price": { "price": 12.9, "unitPrice": 645, "unit": "kg", "qty": 0.02 }
  },
  {
    "title": "Skumpinne Mais & Hirse",
    "subtitle": "40 g",
    "category": {
      "sub": "Smoothie, yoghurt og mellommåltid",
      "parent": "Barneprodukter"
    },
    "price": { "price": 26.9, "unitPrice": 672.5, "unit": "kg", "qty": 0.04 }
  },
  {
    "title": "Skumpinner Plomme og Eple",
    "subtitle": "40 g",
    "category": {
      "sub": "Smoothie, yoghurt og mellommåltid",
      "parent": "Barneprodukter"
    },
    "price": { "price": 24.3, "unitPrice": 607.5, "unit": "kg", "qty": 0.04 }
  },
  {
    "title": "Naturnes Nutripuffs",
    "subtitle": "Tomat, 35 g",
    "category": {
      "sub": "Smoothie, yoghurt og mellommåltid",
      "parent": "Barneprodukter"
    },
    "price": { "price": 26.6, "unitPrice": 760, "unit": "kg", "qty": 0.04 }
  },
  {
    "title": "Maizepuffs Gulrot + Pastinakk",
    "subtitle": "Fra 6 mnd, 20 g",
    "category": {
      "sub": "Smoothie, yoghurt og mellommåltid",
      "parent": "Barneprodukter"
    },
    "price": { "price": 24.8, "unitPrice": 1240, "unit": "kg", "qty": 0.02 }
  },
  {
    "title": "Maizepuffs Jordbær + Banan",
    "subtitle": "Fra 6 mnd, 20 g",
    "category": {
      "sub": "Smoothie, yoghurt og mellommåltid",
      "parent": "Barneprodukter"
    },
    "price": { "price": 22.8, "unitPrice": 1140, "unit": "kg", "qty": 0.02 }
  },
  {
    "title": "Jordbær & Banan Smoothie Biter",
    "subtitle": "Fra 12 mnd, 6 g",
    "category": {
      "sub": "Smoothie, yoghurt og mellommåltid",
      "parent": "Barneprodukter"
    },
    "price": { "price": 14, "unitPrice": 2333.33, "unit": "kg", "qty": 0.01 }
  },
  {
    "title": "Fruktsnøre Jordbær",
    "subtitle": "Fra 12 mnd, 12 g",
    "category": {
      "sub": "Smoothie, yoghurt og mellommåltid",
      "parent": "Barneprodukter"
    },
    "price": { "price": 18.6, "unitPrice": 1550, "unit": "kg", "qty": 0.01 }
  },
  {
    "title": "Organix Gulrotpinner",
    "subtitle": "Fra 7 mnd, 20 g",
    "category": {
      "sub": "Smoothie, yoghurt og mellommåltid",
      "parent": "Barneprodukter"
    },
    "price": { "price": 22.6, "unitPrice": 1130, "unit": "kg", "qty": 0.02 }
  },
  {
    "title": "Kjeks med Fullkorn & Eple",
    "subtitle": "Fra 12 mnd, 150 g",
    "category": {
      "sub": "Smoothie, yoghurt og mellommåltid",
      "parent": "Barneprodukter"
    },
    "price": { "price": 34.5, "unitPrice": 230, "unit": "kg", "qty": 0.15 }
  },
  {
    "title": "NAN Pro 1",
    "subtitle": "Fra fødselen, 800 g",
    "category": { "sub": "Morsmelkerstatning", "parent": "Barneprodukter" },
    "price": { "price": 152.7, "unitPrice": 190.88, "unit": "kg", "qty": 0.8 }
  },
  {
    "title": "NAN Pro 2",
    "subtitle": "Fra 6 mnd, 800 g",
    "category": { "sub": "Morsmelkerstatning", "parent": "Barneprodukter" },
    "price": { "price": 153.1, "unitPrice": 191.38, "unit": "kg", "qty": 0.8 }
  },
  {
    "title": "NAN Pro 3 Juniormelk",
    "subtitle": "Fra 12 mnd, 800 g",
    "category": { "sub": "Morsmelkerstatning", "parent": "Barneprodukter" },
    "price": { "price": 153.9, "unitPrice": 192.38, "unit": "kg", "qty": 0.8 }
  },
  {
    "title": "NAN Pro 4 Juniormelk",
    "subtitle": "Fra 18 mnd, 800 g",
    "category": { "sub": "Morsmelkerstatning", "parent": "Barneprodukter" },
    "price": { "price": 138.6, "unitPrice": 173.25, "unit": "kg", "qty": 0.8 }
  },
  {
    "title": "Nan 1 Sensilac",
    "subtitle": "Fra fødselen, 400 g",
    "category": { "sub": "Morsmelkerstatning", "parent": "Barneprodukter" },
    "price": { "price": 89.8, "unitPrice": 224.5, "unit": "kg", "qty": 0.4 }
  },
  {
    "title": "NAN Pro 1 Fra Fødsel",
    "subtitle": "Drikkeklar, 200 ml",
    "category": { "sub": "Morsmelkerstatning", "parent": "Barneprodukter" },
    "price": { "price": 17.6, "unitPrice": 88, "unit": "l", "qty": 0.2 }
  },
  {
    "title": "NAN Pro 2 Fra 6mnd",
    "subtitle": "Drikkeklar, 200 ml",
    "category": { "sub": "Morsmelkerstatning", "parent": "Barneprodukter" },
    "price": { "price": 16.4, "unitPrice": 82, "unit": "l", "qty": 0.2 }
  },
  {
    "title": "Little Steps 1",
    "subtitle": "Fra 0 mnd, 600 g",
    "category": { "sub": "Morsmelkerstatning", "parent": "Barneprodukter" },
    "price": { "price": 93.4, "unitPrice": 155.67, "unit": "kg", "qty": 0.6 }
  },
  {
    "title": "Combiotik Pulver 1",
    "subtitle": "Fra fødselen, 500 g",
    "category": { "sub": "Morsmelkerstatning", "parent": "Barneprodukter" },
    "price": { "price": 117.9, "unitPrice": 235.8, "unit": "kg", "qty": 0.5 }
  },
  {
    "title": "Combiotik Pulver 2",
    "subtitle": "Fra 6 - 12 mnd, 500 g",
    "category": { "sub": "Morsmelkerstatning", "parent": "Barneprodukter" },
    "price": { "price": 117.1, "unitPrice": 234.2, "unit": "kg", "qty": 0.5 }
  },
  {
    "title": "Combiotik Pulver 3",
    "subtitle": "Fra 10 mnd, 500 g",
    "category": { "sub": "Morsmelkerstatning", "parent": "Barneprodukter" },
    "price": { "price": 119.8, "unitPrice": 239.6, "unit": "kg", "qty": 0.5 }
  },
  {
    "title": "Combiotik 1",
    "subtitle": "Fra fødselen, 200 ml",
    "category": { "sub": "Morsmelkerstatning", "parent": "Barneprodukter" },
    "price": { "price": 23.8, "unitPrice": 119, "unit": "l", "qty": 0.2 }
  },
  {
    "title": "Combiotik 2",
    "subtitle": "Drikkeklar, 1 stk",
    "category": { "sub": "Morsmelkerstatning", "parent": "Barneprodukter" },
    "price": { "price": 23.8, "unitPrice": 23.8, "unit": "stk", "qty": 1 }
  },
  {
    "title": "Little Steps 3",
    "subtitle": "Fra 12 mnd, 600 g",
    "category": { "sub": "Morsmelkerstatning", "parent": "Barneprodukter" },
    "price": { "price": 93.4, "unitPrice": 155.67, "unit": "kg", "qty": 0.6 }
  },
  {
    "title": "Stellekluter Tørre",
    "subtitle": "100 stk",
    "category": { "sub": "Våtservietter og såpe", "parent": "Barneprodukter" },
    "price": { "price": 28.4, "unitPrice": 0.28, "unit": "stk", "qty": 101.43 }
  },
  {
    "title": "Neutral Baby Våtservietter",
    "subtitle": "63 stk",
    "category": { "sub": "Våtservietter og såpe", "parent": "Barneprodukter" },
    "price": { "price": 30.6, "unitPrice": 0.49, "unit": "stk", "qty": 62.45 }
  },
  {
    "title": "Våtservietter",
    "subtitle": "25 stk",
    "category": { "sub": "Våtservietter og såpe", "parent": "Barneprodukter" },
    "price": { "price": 20.5, "unitPrice": 0.82, "unit": "stk", "qty": 25 }
  },
  {
    "title": "Libero Våtserviett",
    "subtitle": "64 stk",
    "category": { "sub": "Våtservietter og såpe", "parent": "Barneprodukter" },
    "price": { "price": 38.9, "unitPrice": 0.61, "unit": "stk", "qty": 63.77 }
  },
  {
    "title": "Libero Vaskeklut",
    "subtitle": "100 stk",
    "category": { "sub": "Våtservietter og såpe", "parent": "Barneprodukter" },
    "price": { "price": 46.1, "unitPrice": 0.46, "unit": "stk", "qty": 100.22 }
  },
  {
    "title": "Våtservietter Baby",
    "subtitle": "72 stk",
    "category": { "sub": "Våtservietter og såpe", "parent": "Barneprodukter" },
    "price": { "price": 13.8, "unitPrice": 0.19, "unit": "stk", "qty": 72.63 }
  },
  {
    "title": "Pampers Sensitive Wipes",
    "subtitle": "4 pk, 320 stk",
    "category": { "sub": "Våtservietter og såpe", "parent": "Barneprodukter" },
    "price": { "price": 82.6, "unitPrice": 0.26, "unit": "stk", "qty": 317.69 }
  },
  {
    "title": "Bomullspinner Baby",
    "subtitle": "72 stk",
    "category": { "sub": "Våtservietter og såpe", "parent": "Barneprodukter" },
    "price": { "price": 22.5, "unitPrice": 0.31, "unit": "stk", "qty": 72.58 }
  },
  {
    "title": "Ammeinnlegg",
    "subtitle": "50 stk",
    "category": { "sub": "Våtservietter og såpe", "parent": "Barneprodukter" },
    "price": { "price": 49.5, "unitPrice": 0.99, "unit": "stk", "qty": 50 }
  },
  {
    "title": "Neutral Kids Dusj",
    "subtitle": "Uten Parfyme, 250 ml",
    "category": { "sub": "Våtservietter og såpe", "parent": "Barneprodukter" },
    "price": { "price": 45, "unitPrice": 180, "unit": "l", "qty": 0.25 }
  },
  {
    "title": "Baby Bad",
    "subtitle": "250 ml",
    "category": { "sub": "Våtservietter og såpe", "parent": "Barneprodukter" },
    "price": { "price": 38.9, "unitPrice": 155.6, "unit": "l", "qty": 0.25 }
  },
  {
    "title": "Baby Olje",
    "subtitle": "150 ml",
    "category": { "sub": "Våtservietter og såpe", "parent": "Barneprodukter" },
    "price": { "price": 53.8, "unitPrice": 358.67, "unit": "l", "qty": 0.15 }
  },
  {
    "title": "Neutral Kids Shampo",
    "subtitle": "Uten Parfyme, 250 ml",
    "category": { "sub": "Våtservietter og såpe", "parent": "Barneprodukter" },
    "price": { "price": 46, "unitPrice": 184, "unit": "l", "qty": 0.25 }
  },
  {
    "title": "Badesåpe Baby",
    "subtitle": "150 ml",
    "category": { "sub": "Våtservietter og såpe", "parent": "Barneprodukter" },
    "price": { "price": 33.1, "unitPrice": 220.67, "unit": "l", "qty": 0.15 }
  },
  {
    "title": "Sinksalve",
    "subtitle": "100 ml",
    "category": { "sub": "Våtservietter og såpe", "parent": "Barneprodukter" },
    "price": { "price": 32.7, "unitPrice": 327, "unit": "l", "qty": 0.1 }
  },
  {
    "title": "Babyolje",
    "subtitle": "250 ml",
    "category": { "sub": "Våtservietter og såpe", "parent": "Barneprodukter" },
    "price": { "price": 53.1, "unitPrice": 212.4, "unit": "l", "qty": 0.25 }
  },
  {
    "title": "Shampo Baby",
    "subtitle": "250 ml",
    "category": { "sub": "Våtservietter og såpe", "parent": "Barneprodukter" },
    "price": { "price": 31.7, "unitPrice": 126.8, "unit": "l", "qty": 0.25 }
  },
  {
    "title": "Bath & Wash Cottontouch",
    "subtitle": "2 in 1, 300 ml",
    "category": { "sub": "Våtservietter og såpe", "parent": "Barneprodukter" },
    "price": { "price": 42.6, "unitPrice": 142, "unit": "l", "qty": 0.3 }
  },
  {
    "title": "Top-to-toe Babywash",
    "subtitle": "300 ml",
    "category": { "sub": "Våtservietter og såpe", "parent": "Barneprodukter" },
    "price": { "price": 43.5, "unitPrice": 145, "unit": "l", "qty": 0.3 }
  },
  {
    "title": "Kids Shampo",
    "subtitle": "No More Tangles, 300 ml",
    "category": { "sub": "Våtservietter og såpe", "parent": "Barneprodukter" },
    "price": { "price": 44.7, "unitPrice": 149, "unit": "l", "qty": 0.3 }
  },
  {
    "title": "Baby Shampo",
    "subtitle": "300 ml",
    "category": { "sub": "Våtservietter og såpe", "parent": "Barneprodukter" },
    "price": { "price": 37.6, "unitPrice": 125.33, "unit": "l", "qty": 0.3 }
  },
  {
    "title": "Hair & Scalp Oil",
    "subtitle": "Cottontouch, 300 ml",
    "category": { "sub": "Våtservietter og såpe", "parent": "Barneprodukter" },
    "price": { "price": 47.6, "unitPrice": 158.67, "unit": "l", "qty": 0.3 }
  },
  {
    "title": "Bodylotion Cottontouch",
    "subtitle": "300 ml",
    "category": { "sub": "Våtservietter og såpe", "parent": "Barneprodukter" },
    "price": { "price": 47.6, "unitPrice": 158.67, "unit": "l", "qty": 0.3 }
  },
  {
    "title": "Babypudder",
    "subtitle": "100 g",
    "category": { "sub": "Våtservietter og såpe", "parent": "Barneprodukter" },
    "price": { "price": 35.6, "unitPrice": 356, "unit": "kg", "qty": 0.1 }
  },
  {
    "title": "Nappy Cream Sinksalve",
    "subtitle": "110 g",
    "category": { "sub": "Våtservietter og såpe", "parent": "Barneprodukter" },
    "price": { "price": 38.4, "unitPrice": 349.09, "unit": "kg", "qty": 0.11 }
  },
  {
    "title": "Jordan Tannbørste",
    "subtitle": "0-2 år, Assortert Farge, 1 stk",
    "category": { "sub": "Våtservietter og såpe", "parent": "Barneprodukter" },
    "price": { "price": 37.6, "unitPrice": 37.6, "unit": "stk", "qty": 1 }
  },
  {
    "title": "Tannbørste",
    "subtitle": "3-5 År, Assortert farge, 1 stk",
    "category": { "sub": "Våtservietter og såpe", "parent": "Barneprodukter" },
    "price": { "price": 36.4, "unitPrice": 36.4, "unit": "stk", "qty": 1 }
  },
  {
    "title": "Tannbørste",
    "subtitle": "6-9 år, Assortert Farge, 1 stk",
    "category": { "sub": "Våtservietter og såpe", "parent": "Barneprodukter" },
    "price": { "price": 37.5, "unitPrice": 37.5, "unit": "stk", "qty": 1 }
  },
  {
    "title": "Tannbørste 0-5 år",
    "subtitle": "assortert variant, 1 stk",
    "category": { "sub": "Våtservietter og såpe", "parent": "Barneprodukter" },
    "price": { "price": 36.5, "unitPrice": 36.5, "unit": "stk", "qty": 1 }
  },
  {
    "title": "Zendium Kids Tannkrem",
    "subtitle": "0-3 år, 50 ml",
    "category": { "sub": "Våtservietter og såpe", "parent": "Barneprodukter" },
    "price": { "price": 27.8, "unitPrice": 556, "unit": "l", "qty": 0.05 }
  },
  {
    "title": "Zendium Junior",
    "subtitle": "5+ år, 50 ml",
    "category": { "sub": "Våtservietter og såpe", "parent": "Barneprodukter" },
    "price": { "price": 26.7, "unitPrice": 534, "unit": "l", "qty": 0.05 }
  },
  {
    "title": "Barnetannkrem",
    "subtitle": "Assortert design og smak, 0-6 år, 50 ml",
    "category": { "sub": "Våtservietter og såpe", "parent": "Barneprodukter" },
    "price": { "price": 24.5, "unitPrice": 490, "unit": "l", "qty": 0.05 }
  },
  {
    "title": "Kids Flosser Kit",
    "subtitle": "1 stk",
    "category": { "sub": "Våtservietter og såpe", "parent": "Barneprodukter" },
    "price": { "price": 53.1, "unitPrice": 1.48, "unit": "bruk", "qty": 35.88 }
  },
  {
    "title": "Fluortablett Mix",
    "subtitle": "Assorterte smaker, 150 stk",
    "category": { "sub": "Våtservietter og såpe", "parent": "Barneprodukter" },
    "price": { "price": 60.3, "unitPrice": 0.4, "unit": "stk", "qty": 150.75 }
  },
  {
    "title": "Minions Plaster",
    "subtitle": "20 stk",
    "category": { "sub": "Våtservietter og såpe", "parent": "Barneprodukter" },
    "price": { "price": 34.9, "unitPrice": 1.75, "unit": "stk", "qty": 19.94 }
  },
  {
    "title": "Kløver Vaseline",
    "subtitle": "40 g",
    "category": { "sub": "Våtservietter og såpe", "parent": "Barneprodukter" },
    "price": { "price": 40.6, "unitPrice": 1015, "unit": "kg", "qty": 0.04 }
  },
  {
    "title": "Lommeletter",
    "subtitle": "15 stk",
    "category": { "sub": "Våtservietter og såpe", "parent": "Barneprodukter" },
    "price": { "price": 17.1, "unitPrice": 1.14, "unit": "stk", "qty": 15 }
  },
  {
    "title": "Smokk Original Silk Teat",
    "subtitle": "Fra 6 mnd, 3 stk",
    "category": { "sub": "Smokker og tåteflasker", "parent": "Barneprodukter" },
    "price": { "price": 93.1, "unitPrice": 31.03, "unit": "stk", "qty": 3 }
  },
  {
    "title": "Smokk Night",
    "subtitle": "Assortert variant, Fra 6 mnd, 2 stk",
    "category": { "sub": "Smokker og tåteflasker", "parent": "Barneprodukter" },
    "price": { "price": 104.9, "unitPrice": 52.45, "unit": "stk", "qty": 2 }
  },
  {
    "title": "Narresmokk air",
    "subtitle": "Tilfeldig farge, 6mnd+ silk 2stk, 2 stk",
    "category": { "sub": "Smokker og tåteflasker", "parent": "Barneprodukter" },
    "price": { "price": 88.9, "unitPrice": 44.45, "unit": "stk", "qty": 2 }
  },
  {
    "title": "Smokk Air Latex",
    "subtitle": "Assortert variant, Fra 16 mnd, 2 stk",
    "category": { "sub": "Smokker og tåteflasker", "parent": "Barneprodukter" },
    "price": { "price": 101.9, "unitPrice": 50.95, "unit": "stk", "qty": 2 }
  },
  {
    "title": "Flaskesmokk",
    "subtitle": "Fra 2 mnd, 1 stk",
    "category": { "sub": "Smokker og tåteflasker", "parent": "Barneprodukter" },
    "price": { "price": 98.9, "unitPrice": 98.9, "unit": "stk", "qty": 1 }
  },
  {
    "title": "Flaskesmokk",
    "subtitle": "Fra 4 mnd, 2 stk",
    "category": { "sub": "Smokker og tåteflasker", "parent": "Barneprodukter" },
    "price": { "price": 74.8, "unitPrice": 37.4, "unit": "stk", "qty": 2 }
  },
  {
    "title": "Avent Flaskesmokk",
    "subtitle": "Fra 6 mnd, 2 stk",
    "category": { "sub": "Smokker og tåteflasker", "parent": "Barneprodukter" },
    "price": { "price": 64.8, "unitPrice": 32.4, "unit": "stk", "qty": 2 }
  },
  {
    "title": "Tåteflaske",
    "subtitle": "Avent, 260 ml",
    "category": { "sub": "Smokker og tåteflasker", "parent": "Barneprodukter" },
    "price": { "price": 85.9, "unitPrice": 330.38, "unit": "l", "qty": 0.26 }
  },
  {
    "title": "Tåteflaske",
    "subtitle": "Assorterte farger, 270 ml",
    "category": { "sub": "Smokker og tåteflasker", "parent": "Barneprodukter" },
    "price": { "price": 72.4, "unitPrice": 268.15, "unit": "l", "qty": 0.27 }
  },
  {
    "title": "Kopp Trainer",
    "subtitle": "Assorterte Farger, 220ml, 1 stk",
    "category": { "sub": "Smokker og tåteflasker", "parent": "Barneprodukter" },
    "price": { "price": 94.9, "unitPrice": 94.9, "unit": "stk", "qty": 1 }
  },
  {
    "title": "Avent Kopp",
    "subtitle": "Tilfeldig farge, 1 stk",
    "category": { "sub": "Smokker og tåteflasker", "parent": "Barneprodukter" },
    "price": { "price": 108.9, "unitPrice": 108.9, "unit": "stk", "qty": 1 }
  },
  {
    "title": "Avent Kopp",
    "subtitle": "Tilfeldig Farge, 200ml, 1 stk",
    "category": { "sub": "Smokker og tåteflasker", "parent": "Barneprodukter" },
    "price": { "price": 76.1, "unitPrice": 76.1, "unit": "stk", "qty": 1 }
  },
  {
    "title": "Kopp",
    "subtitle": "Assorterte farger, Sølefri, 1 stk",
    "category": { "sub": "Smokker og tåteflasker", "parent": "Barneprodukter" },
    "price": { "price": 88.9, "unitPrice": 88.9, "unit": "stk", "qty": 1 }
  },
  {
    "title": "Kopp Mellommåltid",
    "subtitle": "Assorterte Farger, 1 stk",
    "category": { "sub": "Smokker og tåteflasker", "parent": "Barneprodukter" },
    "price": { "price": 83.6, "unitPrice": 83.6, "unit": "stk", "qty": 1 }
  },
  {
    "title": "Matskjeer",
    "subtitle": "Tilfeldig farge, 4 stk",
    "category": { "sub": "Smokker og tåteflasker", "parent": "Barneprodukter" },
    "price": { "price": 83.1, "unitPrice": 20.78, "unit": "stk", "qty": 4 }
  },
  {
    "title": "Drikkeflaske Squezze 460ml",
    "subtitle": "Tilfeldig Farge, 1 stk",
    "category": { "sub": "Smokker og tåteflasker", "parent": "Barneprodukter" },
    "price": { "price": 72.4, "unitPrice": 72.4, "unit": "stk", "qty": 1 }
  },
  {
    "title": "Sistema Drikkeflaske 475ml",
    "subtitle": "Tilfeldig Farge, 1 stk",
    "category": { "sub": "Smokker og tåteflasker", "parent": "Barneprodukter" },
    "price": { "price": 82.9, "unitPrice": 82.9, "unit": "stk", "qty": 1 }
  },
  {
    "title": "Lunch Cube To Go",
    "subtitle": "1,4l, 1 stk",
    "category": { "sub": "Smokker og tåteflasker", "parent": "Barneprodukter" },
    "price": { "price": 82.9, "unitPrice": 82.9, "unit": "stk", "qty": 1 }
  },
  {
    "title": "Lunch Plus",
    "subtitle": "1.2l, Tilfeldig Farge, 1 stk",
    "category": { "sub": "Smokker og tåteflasker", "parent": "Barneprodukter" },
    "price": { "price": 72.4, "unitPrice": 72.4, "unit": "stk", "qty": 1 }
  },
  {
    "title": "Pocket Smekke Easy Wipe",
    "subtitle": "Assortert Variant, 1 stk",
    "category": { "sub": "Smokker og tåteflasker", "parent": "Barneprodukter" },
    "price": { "price": 130.1, "unitPrice": 130.1, "unit": "stk", "qty": 1 }
  },
  {
    "title": "Sugerør metall",
    "subtitle": "Gullfarget med børste, 4 stk",
    "category": { "sub": "Bursdag", "parent": "Barneprodukter" },
    "price": { "price": 99.9, "unitPrice": 24.98, "unit": "stk", "qty": 4 }
  },
  {
    "title": "Kopper Blå",
    "subtitle": "8 stk",
    "category": { "sub": "Bursdag", "parent": "Barneprodukter" },
    "price": { "price": 47.7, "unitPrice": 5.96, "unit": "stk", "qty": 8 }
  },
  {
    "title": "Pappkopp Bursdag",
    "subtitle": "Assortert Variant, 250 ml, 8 stk",
    "category": { "sub": "Bursdag", "parent": "Barneprodukter" },
    "price": { "price": 17.9, "unitPrice": 2.24, "unit": "stk", "qty": 7.99 }
  },
  {
    "title": "Pappkopp",
    "subtitle": "250 ml, 8 stk",
    "category": { "sub": "Bursdag", "parent": "Barneprodukter" },
    "price": { "price": 17.9, "unitPrice": 2.24, "unit": "stk", "qty": 7.99 }
  },
  {
    "title": "Papptallerken Bursdag Assortert",
    "subtitle": "22 cm, 8 stk",
    "category": { "sub": "Bursdag", "parent": "Barneprodukter" },
    "price": { "price": 23.7, "unitPrice": 2.96, "unit": "stk", "qty": 8.01 }
  },
  {
    "title": "Papptallerken",
    "subtitle": "22 cm, 8 stk",
    "category": { "sub": "Bursdag", "parent": "Barneprodukter" },
    "price": { "price": 23.7, "unitPrice": 2.96, "unit": "stk", "qty": 8.01 }
  },
  {
    "title": "Stor Tallerken Blå",
    "subtitle": "8 stk",
    "category": { "sub": "Bursdag", "parent": "Barneprodukter" },
    "price": { "price": 59.5, "unitPrice": 7.44, "unit": "stk", "qty": 8 }
  },
  {
    "title": "Liten Tallerken Blå",
    "subtitle": "8 stk",
    "category": { "sub": "Bursdag", "parent": "Barneprodukter" },
    "price": { "price": 48.7, "unitPrice": 6.09, "unit": "stk", "qty": 8 }
  },
  {
    "title": "Liten Tallerken Rosa",
    "subtitle": "8 stk",
    "category": { "sub": "Bursdag", "parent": "Barneprodukter" },
    "price": { "price": 48.7, "unitPrice": 6.09, "unit": "stk", "qty": 8 }
  },
  {
    "title": "Invitasjonskort",
    "subtitle": "8 stk",
    "category": { "sub": "Bursdag", "parent": "Barneprodukter" },
    "price": { "price": 24.9, "unitPrice": 3.11, "unit": "stk", "qty": 8.01 }
  },
  {
    "title": "Ballonger",
    "subtitle": "10 stk",
    "category": { "sub": "Bursdag", "parent": "Barneprodukter" },
    "price": { "price": 13.8, "unitPrice": 1.38, "unit": "stk", "qty": 10 }
  },
  {
    "title": "Kakelys",
    "subtitle": "Assortert Variant, 24 stk",
    "category": { "sub": "Bursdag", "parent": "Barneprodukter" },
    "price": { "price": 21.4, "unitPrice": 0.89, "unit": "stk", "qty": 24.04 }
  },
  {
    "title": "Papirsugerør",
    "subtitle": "19,5 cm, 20 stk",
    "category": { "sub": "Bursdag", "parent": "Barneprodukter" },
    "price": { "price": 13.8, "unitPrice": 0.69, "unit": "stk", "qty": 20 }
  },
  {
    "title": "Godtepose",
    "subtitle": "Assortert variant, 8 stk",
    "category": { "sub": "Bursdag", "parent": "Barneprodukter" },
    "price": { "price": 20.3, "unitPrice": 2.54, "unit": "stk", "qty": 7.99 }
  },
  {
    "title": "Godteposer Blå",
    "subtitle": "8 stk",
    "category": { "sub": "Bursdag", "parent": "Barneprodukter" },
    "price": { "price": 60.5, "unitPrice": 7.56, "unit": "stk", "qty": 8 }
  },
  {
    "title": "Godteposer Rosa",
    "subtitle": "8 stk",
    "category": { "sub": "Bursdag", "parent": "Barneprodukter" },
    "price": { "price": 60.5, "unitPrice": 7.56, "unit": "stk", "qty": 8 }
  },
  {
    "title": "Sugerør Blå",
    "subtitle": "24 stk",
    "category": { "sub": "Bursdag", "parent": "Barneprodukter" },
    "price": { "price": 47.7, "unitPrice": 1.99, "unit": "stk", "qty": 23.97 }
  },
  {
    "title": "Sugerør Rosa",
    "subtitle": "24 stk",
    "category": { "sub": "Bursdag", "parent": "Barneprodukter" },
    "price": { "price": 47.7, "unitPrice": 1.99, "unit": "stk", "qty": 23.97 }
  },
  {
    "title": "Servietter Blå",
    "subtitle": "24 stk",
    "category": { "sub": "Bursdag", "parent": "Barneprodukter" },
    "price": { "price": 48.7, "unitPrice": 2.03, "unit": "stk", "qty": 23.99 }
  },
  {
    "title": "Servietter Rosa",
    "subtitle": "24 stk",
    "category": { "sub": "Bursdag", "parent": "Barneprodukter" },
    "price": { "price": 48.7, "unitPrice": 2.03, "unit": "stk", "qty": 23.99 }
  },
  {
    "title": "Vimpelbanner i Papir",
    "subtitle": "2 m",
    "category": { "sub": "Bursdag", "parent": "Barneprodukter" },
    "price": { "price": 21.7, "unitPrice": 10.85, "unit": "m", "qty": 2 }
  },
  {
    "title": "Muffinsformer med Stickers",
    "subtitle": "20 stk",
    "category": { "sub": "Bursdag", "parent": "Barneprodukter" },
    "price": { "price": 20.3, "unitPrice": 1.02, "unit": "stk", "qty": 19.9 }
  },
  {
    "title": "Servietter Bordpakning",
    "subtitle": "Hvit & Grå, 75 stk",
    "category": { "sub": "Bursdag", "parent": "Barneprodukter" },
    "price": { "price": 32.6, "unitPrice": 0.43, "unit": "stk", "qty": 75.81 }
  },
  {
    "title": "Kontaktpropp til vegguttak",
    "subtitle": "6 stk",
    "category": { "sub": "Nyttig til barn", "parent": "Barneprodukter" },
    "price": { "price": 49.9, "unitPrice": 8.32, "unit": "stk", "qty": 6 }
  },
  {
    "title": "Øre- og pannetermometer",
    "subtitle": "Beurer FT65, 1 stk",
    "category": { "sub": "Nyttig til barn", "parent": "Barneprodukter" },
    "price": { "price": 399.9, "unitPrice": 399.9, "unit": "stk", "qty": 1 }
  },
  {
    "title": "Hørselvern Peltor",
    "subtitle": "Barn, Grønn, 1 stk",
    "category": { "sub": "Nyttig til barn", "parent": "Barneprodukter" },
    "price": { "price": 199.9, "unitPrice": 199.9, "unit": "stk", "qty": 1 }
  },
  {
    "title": "Tekstilmerkepenn",
    "subtitle": "6 stk",
    "category": { "sub": "Nyttig til barn", "parent": "Barneprodukter" },
    "price": { "price": 59.9, "unitPrice": 9.98, "unit": "stk", "qty": 6 }
  },
  {
    "title": "Skap og Skufflås",
    "subtitle": "6 stk",
    "category": { "sub": "Nyttig til barn", "parent": "Barneprodukter" },
    "price": { "price": 79.9, "unitPrice": 13.32, "unit": "stk", "qty": 6 }
  },
  {
    "title": "Ballonger",
    "subtitle": "10 stk",
    "category": {
      "sub": "Leker og aktiviteter for barn",
      "parent": "Barneprodukter"
    },
    "price": { "price": 13.8, "unitPrice": 1.38, "unit": "stk", "qty": 10 }
  },
  {
    "title": "Byggeklosser tre",
    "subtitle": "1 stk",
    "category": {
      "sub": "Leker og aktiviteter for barn",
      "parent": "Barneprodukter"
    },
    "price": { "price": 199.9, "unitPrice": 199.9, "unit": "stk", "qty": 1 }
  },
  {
    "title": "Drone X15A",
    "subtitle": "1 stk",
    "category": {
      "sub": "Leker og aktiviteter for barn",
      "parent": "Barneprodukter"
    },
    "price": { "price": 399.9, "unitPrice": 399.9, "unit": "stk", "qty": 1 }
  },
  {
    "title": "Juniorens verktøysett",
    "subtitle": "Blå, 1 stk",
    "category": {
      "sub": "Leker og aktiviteter for barn",
      "parent": "Barneprodukter"
    },
    "price": { "price": 249.9, "unitPrice": 249.9, "unit": "stk", "qty": 1 }
  },
  {
    "title": "Kasseapparat av tre",
    "subtitle": "1 stk",
    "category": {
      "sub": "Leker og aktiviteter for barn",
      "parent": "Barneprodukter"
    },
    "price": { "price": 199.9, "unitPrice": 199.9, "unit": "stk", "qty": 1 }
  },
  {
    "title": "Kortstokk",
    "subtitle": "1 stk",
    "category": {
      "sub": "Leker og aktiviteter for barn",
      "parent": "Barneprodukter"
    },
    "price": { "price": 39.9, "unitPrice": 39.9, "unit": "stk", "qty": 1 }
  },
  {
    "title": "Maxi-yatzy",
    "subtitle": "1 stk",
    "category": {
      "sub": "Leker og aktiviteter for barn",
      "parent": "Barneprodukter"
    },
    "price": { "price": 49.9, "unitPrice": 49.9, "unit": "stk", "qty": 1 }
  },
  {
    "title": "Modell-leire",
    "subtitle": "24-pack, 1 stk",
    "category": {
      "sub": "Leker og aktiviteter for barn",
      "parent": "Barneprodukter"
    },
    "price": { "price": 149.9, "unitPrice": 149.9, "unit": "stk", "qty": 1 }
  },
  {
    "title": "Rubiks Kube",
    "subtitle": "1 stk",
    "category": {
      "sub": "Leker og aktiviteter for barn",
      "parent": "Barneprodukter"
    },
    "price": { "price": 169.9, "unitPrice": 169.9, "unit": "stk", "qty": 1 }
  },
  {
    "title": "Traktor med dyr",
    "subtitle": "1 stk",
    "category": {
      "sub": "Leker og aktiviteter for barn",
      "parent": "Barneprodukter"
    },
    "price": { "price": 299.9, "unitPrice": 299.9, "unit": "stk", "qty": 1 }
  },
  {
    "title": "Tegneblokk FSC A4 50 ark",
    "subtitle": "1 stk",
    "category": {
      "sub": "Leker og aktiviteter for barn",
      "parent": "Barneprodukter"
    },
    "price": { "price": 49.9, "unitPrice": 49.9, "unit": "stk", "qty": 1 }
  },
  {
    "title": "Hobbyboks Juleverksted",
    "subtitle": "1 stk",
    "category": {
      "sub": "Leker og aktiviteter for barn",
      "parent": "Barneprodukter"
    },
    "price": { "price": 149.9, "unitPrice": 149.9, "unit": "stk", "qty": 1 }
  },
  {
    "title": "Fargeblyanter FSC",
    "subtitle": "24 stk",
    "category": {
      "sub": "Leker og aktiviteter for barn",
      "parent": "Barneprodukter"
    },
    "price": { "price": 99.9, "unitPrice": 4.16, "unit": "stk", "qty": 24.01 }
  },
  {
    "title": "Limpatroner 7x100mm",
    "subtitle": "Transparent, 1 stk",
    "category": {
      "sub": "Leker og aktiviteter for barn",
      "parent": "Barneprodukter"
    },
    "price": { "price": 39.9, "unitPrice": 39.9, "unit": "stk", "qty": 1 }
  },
  {
    "title": "Gravitrax Startsett",
    "subtitle": "Årets leke i 2019, 1 stk",
    "category": {
      "sub": "Leker og aktiviteter for barn",
      "parent": "Barneprodukter"
    },
    "price": { "price": 699, "unitPrice": 699, "unit": "stk", "qty": 1 }
  },
  {
    "title": "Limpistol grå",
    "subtitle": "1 stk",
    "category": {
      "sub": "Leker og aktiviteter for barn",
      "parent": "Barneprodukter"
    },
    "price": { "price": 69.9, "unitPrice": 69.9, "unit": "stk", "qty": 1 }
  },
  {
    "title": "Neutral Hand Wash",
    "subtitle": "Pumpe, 250 ml",
    "category": { "sub": "Håndsåpe", "parent": "Shampo, såpe og hudpleie" },
    "price": { "price": 17.2, "unitPrice": 68.8, "unit": "l", "qty": 0.25 }
  },
  {
    "title": "Håndsåpe Refill",
    "subtitle": "500 ml",
    "category": { "sub": "Håndsåpe", "parent": "Shampo, såpe og hudpleie" },
    "price": { "price": 30.3, "unitPrice": 60.6, "unit": "l", "qty": 0.5 }
  },
  {
    "title": "Klar Håndsåpe",
    "subtitle": "300 ml",
    "category": { "sub": "Håndsåpe", "parent": "Shampo, såpe og hudpleie" },
    "price": { "price": 39.8, "unitPrice": 132.67, "unit": "l", "qty": 0.3 }
  },
  {
    "title": "BarrierTech Hånddesinfeksjon",
    "subtitle": "100 ml",
    "category": { "sub": "Håndsåpe", "parent": "Shampo, såpe og hudpleie" },
    "price": { "price": 49.9, "unitPrice": 499, "unit": "l", "qty": 0.1 }
  },
  {
    "title": "Rene Hender",
    "subtitle": "Uten Såpe og Vann, 50 ml",
    "category": { "sub": "Håndsåpe", "parent": "Shampo, såpe og hudpleie" },
    "price": { "price": 22.3, "unitPrice": 446, "unit": "l", "qty": 0.05 }
  },
  {
    "title": "Håndsåpe",
    "subtitle": "Assortert Type, 300 ml",
    "category": { "sub": "Håndsåpe", "parent": "Shampo, såpe og hudpleie" },
    "price": { "price": 23.4, "unitPrice": 78, "unit": "l", "qty": 0.3 }
  },
  {
    "title": "Håndsåpe Refill",
    "subtitle": "Assortert Type, 600 ml",
    "category": { "sub": "Håndsåpe", "parent": "Shampo, såpe og hudpleie" },
    "price": { "price": 32.6, "unitPrice": 54.33, "unit": "l", "qty": 0.6 }
  },
  {
    "title": "Lano Flytende Håndsåpe",
    "subtitle": "Pumpeflaske, 300 ml",
    "category": { "sub": "Håndsåpe", "parent": "Shampo, såpe og hudpleie" },
    "price": { "price": 24.9, "unitPrice": 83, "unit": "l", "qty": 0.3 }
  },
  {
    "title": "Lano Håndsåpe",
    "subtitle": "Refill, 300 ml",
    "category": { "sub": "Håndsåpe", "parent": "Shampo, såpe og hudpleie" },
    "price": { "price": 20.6, "unitPrice": 68.67, "unit": "l", "qty": 0.3 }
  },
  {
    "title": "Såpe Fast",
    "subtitle": "2 stk",
    "category": { "sub": "Håndsåpe", "parent": "Shampo, såpe og hudpleie" },
    "price": { "price": 24, "unitPrice": 12, "unit": "stk", "qty": 2 }
  },
  {
    "title": "Lano Parfymefri Håndsåpe",
    "subtitle": "300 ml",
    "category": { "sub": "Håndsåpe", "parent": "Shampo, såpe og hudpleie" },
    "price": { "price": 29.5, "unitPrice": 98.33, "unit": "l", "qty": 0.3 }
  },
  {
    "title": "Moisturising Hand Wash, Sweet Chai & Lavender",
    "subtitle": "500 ml",
    "category": { "sub": "Håndsåpe", "parent": "Shampo, såpe og hudpleie" },
    "price": { "price": 32.8, "unitPrice": 65.6, "unit": "l", "qty": 0.5 }
  },
  {
    "title": "Håndsåpe",
    "subtitle": "Kjøkken, 300 ml",
    "category": { "sub": "Håndsåpe", "parent": "Shampo, såpe og hudpleie" },
    "price": { "price": 53.8, "unitPrice": 179.33, "unit": "l", "qty": 0.3 }
  },
  {
    "title": "Clear Handsoap, Fresh Lavender",
    "subtitle": "500 ml",
    "category": { "sub": "Håndsåpe", "parent": "Shampo, såpe og hudpleie" },
    "price": { "price": 31.4, "unitPrice": 62.8, "unit": "l", "qty": 0.5 }
  },
  {
    "title": "Clear Handsoap, White Rose",
    "subtitle": "500 ml",
    "category": { "sub": "Håndsåpe", "parent": "Shampo, såpe og hudpleie" },
    "price": { "price": 31.4, "unitPrice": 62.8, "unit": "l", "qty": 0.5 }
  },
  {
    "title": "Håndsåpe Med Pumpe",
    "subtitle": "500 ml",
    "category": { "sub": "Håndsåpe", "parent": "Shampo, såpe og hudpleie" },
    "price": { "price": 8.5, "unitPrice": 17, "unit": "l", "qty": 0.5 }
  },
  {
    "title": "Mild Håndsåpe",
    "subtitle": "300 ml",
    "category": { "sub": "Håndsåpe", "parent": "Shampo, såpe og hudpleie" },
    "price": { "price": 32.6, "unitPrice": 108.67, "unit": "l", "qty": 0.3 }
  },
  {
    "title": "Håndsåpe",
    "subtitle": "500 ml",
    "category": { "sub": "Håndsåpe", "parent": "Shampo, såpe og hudpleie" },
    "price": { "price": 46.7, "unitPrice": 93.4, "unit": "l", "qty": 0.5 }
  },
  {
    "title": "Såpestykke",
    "subtitle": "2 stk",
    "category": { "sub": "Håndsåpe", "parent": "Shampo, såpe og hudpleie" },
    "price": { "price": 31.6, "unitPrice": 15.8, "unit": "stk", "qty": 2 }
  },
  {
    "title": "Kremsåpe Fast",
    "subtitle": "100 g",
    "category": { "sub": "Håndsåpe", "parent": "Shampo, såpe og hudpleie" },
    "price": { "price": 17.9, "unitPrice": 179, "unit": "kg", "qty": 0.1 }
  },
  {
    "title": "Håndsåpe Flytende",
    "subtitle": "Assorterte Dufter, 300 ml",
    "category": { "sub": "Håndsåpe", "parent": "Shampo, såpe og hudpleie" },
    "price": { "price": 12.9, "unitPrice": 43, "unit": "l", "qty": 0.3 }
  },
  {
    "title": "Håndsåpe Flaske Refill",
    "subtitle": "Assortert Variant, 300 ml",
    "category": { "sub": "Håndsåpe", "parent": "Shampo, såpe og hudpleie" },
    "price": { "price": 12.8, "unitPrice": 42.67, "unit": "l", "qty": 0.3 }
  },
  {
    "title": "Rise & Shine Håndsåpe",
    "subtitle": "økologisk, 300 ml",
    "category": { "sub": "Håndsåpe", "parent": "Shampo, såpe og hudpleie" },
    "price": { "price": 39.9, "unitPrice": 133, "unit": "l", "qty": 0.3 }
  },
  {
    "title": "Blown away Håndsåpe",
    "subtitle": "økologisk, 300 ml",
    "category": { "sub": "Håndsåpe", "parent": "Shampo, såpe og hudpleie" },
    "price": { "price": 39.9, "unitPrice": 133, "unit": "l", "qty": 0.3 }
  },
  {
    "title": "Dusjgele",
    "subtitle": "Uten Parfyme, 250 ml",
    "category": { "sub": "Dusjsåpe", "parent": "Shampo, såpe og hudpleie" },
    "price": { "price": 37.3, "unitPrice": 149.2, "unit": "l", "qty": 0.25 }
  },
  {
    "title": "Showergel",
    "subtitle": "750 ml",
    "category": { "sub": "Dusjsåpe", "parent": "Shampo, såpe og hudpleie" },
    "price": { "price": 49.8, "unitPrice": 66.4, "unit": "l", "qty": 0.75 }
  },
  {
    "title": "Mild Dusjgelé",
    "subtitle": "250 ml",
    "category": { "sub": "Dusjsåpe", "parent": "Shampo, såpe og hudpleie" },
    "price": { "price": 38.2, "unitPrice": 152.8, "unit": "l", "qty": 0.25 }
  },
  {
    "title": "Sensitiv Dusjgele",
    "subtitle": "Aloe Vera & Kamille, 200 ml",
    "category": { "sub": "Dusjsåpe", "parent": "Shampo, såpe og hudpleie" },
    "price": { "price": 56.1, "unitPrice": 280.5, "unit": "l", "qty": 0.2 }
  },
  {
    "title": "Aloe Vera Dusjgelé",
    "subtitle": "250 ml",
    "category": { "sub": "Dusjsåpe", "parent": "Shampo, såpe og hudpleie" },
    "price": { "price": 55.1, "unitPrice": 220.4, "unit": "l", "qty": 0.25 }
  },
  {
    "title": "Dusjsåpe",
    "subtitle": "200 ml",
    "category": { "sub": "Dusjsåpe", "parent": "Shampo, såpe og hudpleie" },
    "price": { "price": 52.6, "unitPrice": 263, "unit": "l", "qty": 0.2 }
  },
  {
    "title": "Sensitive Intimvask",
    "subtitle": "400 ml",
    "category": { "sub": "Dusjsåpe", "parent": "Shampo, såpe og hudpleie" },
    "price": { "price": 74.6, "unitPrice": 186.5, "unit": "l", "qty": 0.4 }
  },
  {
    "title": "Sensitiv Intimvask",
    "subtitle": "200 ml",
    "category": { "sub": "Dusjsåpe", "parent": "Shampo, såpe og hudpleie" },
    "price": { "price": 46, "unitPrice": 230, "unit": "l", "qty": 0.2 }
  },
  {
    "title": "Asan Intimsåpe",
    "subtitle": "500 ml",
    "category": { "sub": "Dusjsåpe", "parent": "Shampo, såpe og hudpleie" },
    "price": { "price": 58.3, "unitPrice": 116.6, "unit": "l", "qty": 0.5 }
  },
  {
    "title": "Intimvask Tranebær",
    "subtitle": "220 ml",
    "category": { "sub": "Dusjsåpe", "parent": "Shampo, såpe og hudpleie" },
    "price": { "price": 38.3, "unitPrice": 174.09, "unit": "l", "qty": 0.22 }
  },
  {
    "title": "Libresse V-care Intimvask",
    "subtitle": "200 ml",
    "category": { "sub": "Dusjsåpe", "parent": "Shampo, såpe og hudpleie" },
    "price": { "price": 28.9, "unitPrice": 144.5, "unit": "l", "qty": 0.2 }
  },
  {
    "title": "Coconut Care Shower Cream",
    "subtitle": "200 ml",
    "category": { "sub": "Dusjsåpe", "parent": "Shampo, såpe og hudpleie" },
    "price": { "price": 23.7, "unitPrice": 118.5, "unit": "l", "qty": 0.2 }
  },
  {
    "title": "Bright Blossom Shower Cream 200ml",
    "subtitle": "200 ml",
    "category": { "sub": "Dusjsåpe", "parent": "Shampo, såpe og hudpleie" },
    "price": { "price": 23.7, "unitPrice": 118.5, "unit": "l", "qty": 0.2 }
  },
  {
    "title": "Dusjsåpe",
    "subtitle": "Assortert Variant, 250 ml",
    "category": { "sub": "Dusjsåpe", "parent": "Shampo, såpe og hudpleie" },
    "price": { "price": 27.6, "unitPrice": 110.4, "unit": "l", "qty": 0.25 }
  },
  {
    "title": "Shower Gel Fresh Mix",
    "subtitle": "Assortert Variant, 250 ml",
    "category": { "sub": "Dusjsåpe", "parent": "Shampo, såpe og hudpleie" },
    "price": { "price": 32.8, "unitPrice": 131.2, "unit": "l", "qty": 0.25 }
  },
  {
    "title": "Shower Moisture Mix",
    "subtitle": "Assortert variant, 250 ml",
    "category": { "sub": "Dusjsåpe", "parent": "Shampo, såpe og hudpleie" },
    "price": { "price": 31.2, "unitPrice": 124.8, "unit": "l", "qty": 0.25 }
  },
  {
    "title": "Dove Cream Wash",
    "subtitle": "250 ml",
    "category": { "sub": "Dusjsåpe", "parent": "Shampo, såpe og hudpleie" },
    "price": { "price": 42.7, "unitPrice": 170.8, "unit": "l", "qty": 0.25 }
  },
  {
    "title": "Nourishing Shower Gel",
    "subtitle": "450 ml",
    "category": { "sub": "Dusjsåpe", "parent": "Shampo, såpe og hudpleie" },
    "price": { "price": 43.5, "unitPrice": 96.67, "unit": "l", "qty": 0.45 }
  },
  {
    "title": "Fresh Touch Shower Gel",
    "subtitle": "450 ml",
    "category": { "sub": "Dusjsåpe", "parent": "Shampo, såpe og hudpleie" },
    "price": { "price": 43.5, "unitPrice": 96.67, "unit": "l", "qty": 0.45 }
  },
  {
    "title": "Pomegranate Shower Gel",
    "subtitle": "450 ml",
    "category": { "sub": "Dusjsåpe", "parent": "Shampo, såpe og hudpleie" },
    "price": { "price": 43.5, "unitPrice": 96.67, "unit": "l", "qty": 0.45 }
  },
  {
    "title": "Lano Parfymefri Dusjsåpe",
    "subtitle": "250 ml",
    "category": { "sub": "Dusjsåpe", "parent": "Shampo, såpe og hudpleie" },
    "price": { "price": 30.1, "unitPrice": 120.4, "unit": "l", "qty": 0.25 }
  },
  {
    "title": "Lano Dusjsåpe",
    "subtitle": "250 ml",
    "category": { "sub": "Dusjsåpe", "parent": "Shampo, såpe og hudpleie" },
    "price": { "price": 30.4, "unitPrice": 121.6, "unit": "l", "qty": 0.25 }
  },
  {
    "title": "Lano Dusjsåpe",
    "subtitle": "Refill, 250 ml",
    "category": { "sub": "Dusjsåpe", "parent": "Shampo, såpe og hudpleie" },
    "price": { "price": 26.6, "unitPrice": 106.4, "unit": "l", "qty": 0.25 }
  },
  {
    "title": "Radical Refresher Shower Gel",
    "subtitle": "500 ml",
    "category": { "sub": "Dusjsåpe", "parent": "Shampo, såpe og hudpleie" },
    "price": { "price": 61.9, "unitPrice": 123.8, "unit": "l", "qty": 0.5 }
  },
  {
    "title": "Dusjkrem",
    "subtitle": "500 ml",
    "category": { "sub": "Dusjsåpe", "parent": "Shampo, såpe og hudpleie" },
    "price": { "price": 17.1, "unitPrice": 34.2, "unit": "l", "qty": 0.5 }
  },
  {
    "title": "Trippeldusj",
    "subtitle": "220 ml",
    "category": { "sub": "Dusjsåpe", "parent": "Shampo, såpe og hudpleie" },
    "price": { "price": 25.1, "unitPrice": 114.09, "unit": "l", "qty": 0.22 }
  },
  {
    "title": "Men Expert Total Clean Shower",
    "subtitle": "300 ml",
    "category": { "sub": "Dusjsåpe", "parent": "Shampo, såpe og hudpleie" },
    "price": { "price": 33.7, "unitPrice": 112.33, "unit": "l", "qty": 0.3 }
  },
  {
    "title": "Dobbeldusj Sport",
    "subtitle": "250 ml",
    "category": { "sub": "Dusjsåpe", "parent": "Shampo, såpe og hudpleie" },
    "price": { "price": 15.9, "unitPrice": 63.6, "unit": "l", "qty": 0.25 }
  },
  {
    "title": "Dusjsåpe Lyko Vegan",
    "subtitle": "75 ml",
    "category": { "sub": "Dusjsåpe", "parent": "Shampo, såpe og hudpleie" },
    "price": { "price": 29.9, "unitPrice": 398.67, "unit": "l", "qty": 0.07 }
  },
  {
    "title": "Rise & Shine Shower gel",
    "subtitle": "økologisk, 200 ml",
    "category": { "sub": "Dusjsåpe", "parent": "Shampo, såpe og hudpleie" },
    "price": { "price": 39.9, "unitPrice": 199.5, "unit": "l", "qty": 0.2 }
  },
  {
    "title": "Blown away Shower gel",
    "subtitle": "økologisk, 200 ml",
    "category": { "sub": "Dusjsåpe", "parent": "Shampo, såpe og hudpleie" },
    "price": { "price": 39.9, "unitPrice": 199.5, "unit": "l", "qty": 0.2 }
  },
  {
    "title": "Shampo",
    "subtitle": "Argan Oil, 250 ml",
    "category": {
      "sub": "Shampo og hårprodukter",
      "parent": "Shampo, såpe og hudpleie"
    },
    "price": { "price": 68.5, "unitPrice": 274, "unit": "l", "qty": 0.25 }
  },
  {
    "title": "Passion Punch Balsam 250ml",
    "subtitle": "250 ml",
    "category": {
      "sub": "Shampo og hårprodukter",
      "parent": "Shampo, såpe og hudpleie"
    },
    "price": { "price": 28.2, "unitPrice": 112.8, "unit": "l", "qty": 0.25 }
  },
  {
    "title": "Minerals Coconut Shampo",
    "subtitle": "250 ml",
    "category": {
      "sub": "Shampo og hårprodukter",
      "parent": "Shampo, såpe og hudpleie"
    },
    "price": { "price": 23.7, "unitPrice": 94.8, "unit": "l", "qty": 0.25 }
  },
  {
    "title": "Minerals Coconut Balsam",
    "subtitle": "250 ml",
    "category": {
      "sub": "Shampo og hårprodukter",
      "parent": "Shampo, såpe og hudpleie"
    },
    "price": { "price": 23.7, "unitPrice": 94.8, "unit": "l", "qty": 0.25 }
  },
  {
    "title": "Shampo Bright Blossom",
    "subtitle": "250 ml",
    "category": {
      "sub": "Shampo og hårprodukter",
      "parent": "Shampo, såpe og hudpleie"
    },
    "price": { "price": 23.7, "unitPrice": 94.8, "unit": "l", "qty": 0.25 }
  },
  {
    "title": "Balsam Bright Blossom",
    "subtitle": "250 ml",
    "category": {
      "sub": "Shampo og hårprodukter",
      "parent": "Shampo, såpe og hudpleie"
    },
    "price": { "price": 23.7, "unitPrice": 94.8, "unit": "l", "qty": 0.25 }
  },
  {
    "title": "Color Vive Shampo",
    "subtitle": "ElVital, 300 ml",
    "category": {
      "sub": "Shampo og hårprodukter",
      "parent": "Shampo, såpe og hudpleie"
    },
    "price": { "price": 29.8, "unitPrice": 99.33, "unit": "l", "qty": 0.3 }
  },
  {
    "title": "Color Vive Balsam",
    "subtitle": "ElVital, 250 ml",
    "category": {
      "sub": "Shampo og hårprodukter",
      "parent": "Shampo, såpe og hudpleie"
    },
    "price": { "price": 29.8, "unitPrice": 119.2, "unit": "l", "qty": 0.25 }
  },
  {
    "title": "Anti-Breakage Shampoo",
    "subtitle": "ElVital, 250 ml",
    "category": {
      "sub": "Shampo og hårprodukter",
      "parent": "Shampo, såpe og hudpleie"
    },
    "price": { "price": 29.8, "unitPrice": 119.2, "unit": "l", "qty": 0.25 }
  },
  {
    "title": "Anti-Breakage Balsam",
    "subtitle": "ElVital, 200 ml",
    "category": {
      "sub": "Shampo og hårprodukter",
      "parent": "Shampo, såpe og hudpleie"
    },
    "price": { "price": 28.5, "unitPrice": 142.5, "unit": "l", "qty": 0.2 }
  },
  {
    "title": "Dream Length Shampo",
    "subtitle": "250 ml",
    "category": {
      "sub": "Shampo og hårprodukter",
      "parent": "Shampo, såpe og hudpleie"
    },
    "price": { "price": 29.8, "unitPrice": 119.2, "unit": "l", "qty": 0.25 }
  },
  {
    "title": "Dream Length Balsam",
    "subtitle": "200 ml",
    "category": {
      "sub": "Shampo og hårprodukter",
      "parent": "Shampo, såpe og hudpleie"
    },
    "price": { "price": 28.5, "unitPrice": 142.5, "unit": "l", "qty": 0.2 }
  },
  {
    "title": "Extra Fine Coconut Oil Shampo",
    "subtitle": "ElVital, 250 ml",
    "category": {
      "sub": "Shampo og hårprodukter",
      "parent": "Shampo, såpe og hudpleie"
    },
    "price": { "price": 29.8, "unitPrice": 119.2, "unit": "l", "qty": 0.25 }
  },
  {
    "title": "Extra Fine Coconut Oil Balsam",
    "subtitle": "ElVital, 200 ml",
    "category": {
      "sub": "Shampo og hårprodukter",
      "parent": "Shampo, såpe og hudpleie"
    },
    "price": { "price": 29.8, "unitPrice": 149, "unit": "l", "qty": 0.2 }
  },
  {
    "title": "Shampo Strength & Shine",
    "subtitle": "Fructis, 250 ml",
    "category": {
      "sub": "Shampo og hårprodukter",
      "parent": "Shampo, såpe og hudpleie"
    },
    "price": { "price": 35.5, "unitPrice": 142, "unit": "l", "qty": 0.25 }
  },
  {
    "title": "Strength & Shine Balsam",
    "subtitle": "Fructis, 250ml, 200 ml",
    "category": {
      "sub": "Shampo og hårprodukter",
      "parent": "Shampo, såpe og hudpleie"
    },
    "price": { "price": 36.1, "unitPrice": 180.5, "unit": "l", "qty": 0.2 }
  },
  {
    "title": "Garnier Fructis Hair Food Banana Shampo",
    "subtitle": "350 ml",
    "category": {
      "sub": "Shampo og hårprodukter",
      "parent": "Shampo, såpe og hudpleie"
    },
    "price": { "price": 62.5, "unitPrice": 178.57, "unit": "l", "qty": 0.35 }
  },
  {
    "title": "Banana Nourishing Hair Treatment",
    "subtitle": "390 ml",
    "category": {
      "sub": "Shampo og hårprodukter",
      "parent": "Shampo, såpe og hudpleie"
    },
    "price": { "price": 86.9, "unitPrice": 222.82, "unit": "l", "qty": 0.39 }
  },
  {
    "title": "Garnier Fructis Hair Food Papaya Shampo",
    "subtitle": "350 ml",
    "category": {
      "sub": "Shampo og hårprodukter",
      "parent": "Shampo, såpe og hudpleie"
    },
    "price": { "price": 61.7, "unitPrice": 176.29, "unit": "l", "qty": 0.35 }
  },
  {
    "title": "Papaya Repairing Hair Treatment",
    "subtitle": "390 ml",
    "category": {
      "sub": "Shampo og hårprodukter",
      "parent": "Shampo, såpe og hudpleie"
    },
    "price": { "price": 85.7, "unitPrice": 219.74, "unit": "l", "qty": 0.39 }
  },
  {
    "title": "Shampo",
    "subtitle": "250 ml",
    "category": {
      "sub": "Shampo og hårprodukter",
      "parent": "Shampo, såpe og hudpleie"
    },
    "price": { "price": 37.6, "unitPrice": 150.4, "unit": "l", "qty": 0.25 }
  },
  {
    "title": "Mild Balsam",
    "subtitle": "Uten parfyme, 250 ml",
    "category": {
      "sub": "Shampo og hårprodukter",
      "parent": "Shampo, såpe og hudpleie"
    },
    "price": { "price": 45, "unitPrice": 180, "unit": "l", "qty": 0.25 }
  },
  {
    "title": "Happy and Hydryted Shampoo",
    "subtitle": "400 ml",
    "category": {
      "sub": "Shampo og hårprodukter",
      "parent": "Shampo, såpe og hudpleie"
    },
    "price": { "price": 76.9, "unitPrice": 192.25, "unit": "l", "qty": 0.4 }
  },
  {
    "title": "Volume and Bounty Shampo",
    "subtitle": "400 ml",
    "category": {
      "sub": "Shampo og hårprodukter",
      "parent": "Shampo, såpe og hudpleie"
    },
    "price": { "price": 89.9, "unitPrice": 224.75, "unit": "l", "qty": 0.4 }
  },
  {
    "title": "Volume and Bounty Balsam",
    "subtitle": "400 ml",
    "category": {
      "sub": "Shampo og hårprodukter",
      "parent": "Shampo, såpe og hudpleie"
    },
    "price": { "price": 89.9, "unitPrice": 224.75, "unit": "l", "qty": 0.4 }
  },
  {
    "title": "Hope and Repair Shampoo",
    "subtitle": "400 ml",
    "category": {
      "sub": "Shampo og hårprodukter",
      "parent": "Shampo, såpe og hudpleie"
    },
    "price": { "price": 76.9, "unitPrice": 192.25, "unit": "l", "qty": 0.4 }
  },
  {
    "title": "Hope and Repair Balsam",
    "subtitle": "400 ml",
    "category": {
      "sub": "Shampo og hårprodukter",
      "parent": "Shampo, såpe og hudpleie"
    },
    "price": { "price": 76.9, "unitPrice": 192.25, "unit": "l", "qty": 0.4 }
  },
  {
    "title": "Blooming Color Shampoo",
    "subtitle": "400 ml",
    "category": {
      "sub": "Shampo og hårprodukter",
      "parent": "Shampo, såpe og hudpleie"
    },
    "price": { "price": 90.9, "unitPrice": 227.25, "unit": "l", "qty": 0.4 }
  },
  {
    "title": "Blooming Color Balsam",
    "subtitle": "400 ml",
    "category": {
      "sub": "Shampo og hårprodukter",
      "parent": "Shampo, såpe og hudpleie"
    },
    "price": { "price": 76.6, "unitPrice": 191.5, "unit": "l", "qty": 0.4 }
  },
  {
    "title": "Shampo Lyko Vegan",
    "subtitle": "75 ml",
    "category": {
      "sub": "Shampo og hårprodukter",
      "parent": "Shampo, såpe og hudpleie"
    },
    "price": { "price": 29.9, "unitPrice": 398.67, "unit": "l", "qty": 0.07 }
  },
  {
    "title": "Balsam Lyko Vegan",
    "subtitle": "75 ml",
    "category": {
      "sub": "Shampo og hårprodukter",
      "parent": "Shampo, såpe og hudpleie"
    },
    "price": { "price": 29.9, "unitPrice": 398.67, "unit": "l", "qty": 0.07 }
  },
  {
    "title": "Rå Pleiende Sjampo",
    "subtitle": "250 ml",
    "category": {
      "sub": "Shampo og hårprodukter",
      "parent": "Shampo, såpe og hudpleie"
    },
    "price": { "price": 74.6, "unitPrice": 298.4, "unit": "l", "qty": 0.25 }
  },
  {
    "title": "Rå Pleiende Balsam",
    "subtitle": "200 ml",
    "category": {
      "sub": "Shampo og hårprodukter",
      "parent": "Shampo, såpe og hudpleie"
    },
    "price": { "price": 74.1, "unitPrice": 370.5, "unit": "l", "qty": 0.2 }
  },
  {
    "title": "Sjampo",
    "subtitle": "200 ml",
    "category": {
      "sub": "Shampo og hårprodukter",
      "parent": "Shampo, såpe og hudpleie"
    },
    "price": { "price": 34.9, "unitPrice": 174.5, "unit": "l", "qty": 0.2 }
  },
  {
    "title": "Balsam",
    "subtitle": "200 ml",
    "category": {
      "sub": "Shampo og hårprodukter",
      "parent": "Shampo, såpe og hudpleie"
    },
    "price": { "price": 37.9, "unitPrice": 189.5, "unit": "l", "qty": 0.2 }
  },
  {
    "title": "Shampo Volumising",
    "subtitle": "250 ml",
    "category": {
      "sub": "Shampo og hårprodukter",
      "parent": "Shampo, såpe og hudpleie"
    },
    "price": { "price": 37.4, "unitPrice": 149.6, "unit": "l", "qty": 0.25 }
  },
  {
    "title": "Balsam Volumising",
    "subtitle": "250 ml",
    "category": {
      "sub": "Shampo og hårprodukter",
      "parent": "Shampo, såpe og hudpleie"
    },
    "price": { "price": 37.4, "unitPrice": 149.6, "unit": "l", "qty": 0.25 }
  },
  {
    "title": "Shampo Anti Frizz",
    "subtitle": "250 ml",
    "category": {
      "sub": "Shampo og hårprodukter",
      "parent": "Shampo, såpe og hudpleie"
    },
    "price": { "price": 37.4, "unitPrice": 149.6, "unit": "l", "qty": 0.25 }
  },
  {
    "title": "Balsam Anti Frizz",
    "subtitle": "250 ml",
    "category": {
      "sub": "Shampo og hårprodukter",
      "parent": "Shampo, såpe og hudpleie"
    },
    "price": { "price": 37.4, "unitPrice": 149.6, "unit": "l", "qty": 0.25 }
  },
  {
    "title": "Shampoo Supreme Moisture",
    "subtitle": "225 ml",
    "category": {
      "sub": "Shampo og hårprodukter",
      "parent": "Shampo, såpe og hudpleie"
    },
    "price": { "price": 29.1, "unitPrice": 129.33, "unit": "l", "qty": 0.23 }
  },
  {
    "title": "Balsam Supreme Moisture",
    "subtitle": "220 ml",
    "category": {
      "sub": "Shampo og hårprodukter",
      "parent": "Shampo, såpe og hudpleie"
    },
    "price": { "price": 29.1, "unitPrice": 132.27, "unit": "l", "qty": 0.22 }
  },
  {
    "title": "Shampo Apple Fresh",
    "subtitle": "280 ml",
    "category": {
      "sub": "Shampo og hårprodukter",
      "parent": "Shampo, såpe og hudpleie"
    },
    "price": { "price": 48.5, "unitPrice": 173.21, "unit": "l", "qty": 0.28 }
  },
  {
    "title": "2in1 Classic Clean",
    "subtitle": "250 ml",
    "category": {
      "sub": "Shampo og hårprodukter",
      "parent": "Shampo, såpe og hudpleie"
    },
    "price": { "price": 48.5, "unitPrice": 194, "unit": "l", "qty": 0.25 }
  },
  {
    "title": "Shampo Classic Clean",
    "subtitle": "280 ml",
    "category": {
      "sub": "Shampo og hårprodukter",
      "parent": "Shampo, såpe og hudpleie"
    },
    "price": { "price": 54.9, "unitPrice": 196.07, "unit": "l", "qty": 0.28 }
  },
  {
    "title": "Balsam Apple Fresh",
    "subtitle": "220 ml",
    "category": {
      "sub": "Shampo og hårprodukter",
      "parent": "Shampo, såpe og hudpleie"
    },
    "price": { "price": 33.1, "unitPrice": 150.45, "unit": "l", "qty": 0.22 }
  },
  {
    "title": "Dry Shampoo",
    "subtitle": "200 ml",
    "category": {
      "sub": "Shampo og hårprodukter",
      "parent": "Shampo, såpe og hudpleie"
    },
    "price": { "price": 86.9, "unitPrice": 434.5, "unit": "l", "qty": 0.2 }
  },
  {
    "title": "Dry Shampo Original",
    "subtitle": "200 ml",
    "category": {
      "sub": "Shampo og hårprodukter",
      "parent": "Shampo, såpe og hudpleie"
    },
    "price": { "price": 60.5, "unitPrice": 302.5, "unit": "l", "qty": 0.2 }
  },
  {
    "title": "Dry Shampo Brunette",
    "subtitle": "200 ml",
    "category": {
      "sub": "Shampo og hårprodukter",
      "parent": "Shampo, såpe og hudpleie"
    },
    "price": { "price": 49.8, "unitPrice": 249, "unit": "l", "qty": 0.2 }
  },
  {
    "title": "Neutral Kids Shampo",
    "subtitle": "Uten Parfyme, 250 ml",
    "category": {
      "sub": "Shampo og hårprodukter",
      "parent": "Shampo, såpe og hudpleie"
    },
    "price": { "price": 46, "unitPrice": 184, "unit": "l", "qty": 0.25 }
  },
  {
    "title": "Shampo Baby",
    "subtitle": "250 ml",
    "category": {
      "sub": "Shampo og hårprodukter",
      "parent": "Shampo, såpe og hudpleie"
    },
    "price": { "price": 31.7, "unitPrice": 126.8, "unit": "l", "qty": 0.25 }
  },
  {
    "title": "10 Minutter Linicin Shampoo",
    "subtitle": "Mot Lus, 100 ml",
    "category": {
      "sub": "Shampo og hårprodukter",
      "parent": "Shampo, såpe og hudpleie"
    },
    "price": { "price": 232, "unitPrice": 2320, "unit": "l", "qty": 0.1 }
  },
  {
    "title": "Balsam",
    "subtitle": "500 ml",
    "category": {
      "sub": "Shampo og hårprodukter",
      "parent": "Shampo, såpe og hudpleie"
    },
    "price": { "price": 12.3, "unitPrice": 24.6, "unit": "l", "qty": 0.5 }
  },
  {
    "title": "Dobbeldusj Sport",
    "subtitle": "250 ml",
    "category": {
      "sub": "Shampo og hårprodukter",
      "parent": "Shampo, såpe og hudpleie"
    },
    "price": { "price": 15.9, "unitPrice": 63.6, "unit": "l", "qty": 0.25 }
  },
  {
    "title": "Mineral & Control Clean Gel",
    "subtitle": "150 ml",
    "category": {
      "sub": "Shampo og hårprodukter",
      "parent": "Shampo, såpe og hudpleie"
    },
    "price": { "price": 45.8, "unitPrice": 305.33, "unit": "l", "qty": 0.15 }
  },
  {
    "title": "Men Moulding Clay",
    "subtitle": "80 ml",
    "category": {
      "sub": "Shampo og hårprodukter",
      "parent": "Shampo, såpe og hudpleie"
    },
    "price": { "price": 92.9, "unitPrice": 1161.25, "unit": "l", "qty": 0.08 }
  },
  {
    "title": "Tørrshampo 75ml vegan",
    "subtitle": "1 stk",
    "category": {
      "sub": "Shampo og hårprodukter",
      "parent": "Shampo, såpe og hudpleie"
    },
    "price": { "price": 29.9, "unitPrice": 29.9, "unit": "stk", "qty": 1 }
  },
  {
    "title": "Brunettes Dry Shampoo",
    "subtitle": "200 ml",
    "category": {
      "sub": "Shampo og hårprodukter",
      "parent": "Shampo, såpe og hudpleie"
    },
    "price": { "price": 77.6, "unitPrice": 388, "unit": "l", "qty": 0.2 }
  },
  {
    "title": "Hairspray Extreme Hold",
    "subtitle": "250 ml",
    "category": {
      "sub": "Shampo og hårprodukter",
      "parent": "Shampo, såpe og hudpleie"
    },
    "price": { "price": 82.9, "unitPrice": 331.6, "unit": "l", "qty": 0.25 }
  },
  {
    "title": "Pure Volume Mousse",
    "subtitle": "200 ml",
    "category": {
      "sub": "Shampo og hårprodukter",
      "parent": "Shampo, såpe og hudpleie"
    },
    "price": { "price": 82.9, "unitPrice": 414.5, "unit": "l", "qty": 0.2 }
  },
  {
    "title": "Define Instant Volume Spray",
    "subtitle": "200 ml",
    "category": {
      "sub": "Shampo og hårprodukter",
      "parent": "Shampo, såpe og hudpleie"
    },
    "price": { "price": 76.3, "unitPrice": 381.5, "unit": "l", "qty": 0.2 }
  },
  {
    "title": "Hårspray Extra Firm",
    "subtitle": "300 ml",
    "category": {
      "sub": "Shampo og hårprodukter",
      "parent": "Shampo, såpe og hudpleie"
    },
    "price": { "price": 44.2, "unitPrice": 147.33, "unit": "l", "qty": 0.3 }
  },
  {
    "title": "Hårspray Kraftig Elnett",
    "subtitle": "250 ml",
    "category": {
      "sub": "Shampo og hårprodukter",
      "parent": "Shampo, såpe og hudpleie"
    },
    "price": { "price": 52.6, "unitPrice": 210.4, "unit": "l", "qty": 0.25 }
  },
  {
    "title": "Hårskum",
    "subtitle": "200 ml",
    "category": {
      "sub": "Shampo og hårprodukter",
      "parent": "Shampo, såpe og hudpleie"
    },
    "price": { "price": 33.1, "unitPrice": 165.5, "unit": "l", "qty": 0.2 }
  },
  {
    "title": "Hårspray",
    "subtitle": "Extra strong hold, 200 ml",
    "category": {
      "sub": "Shampo og hårprodukter",
      "parent": "Shampo, såpe og hudpleie"
    },
    "price": { "price": 57.4, "unitPrice": 287, "unit": "l", "qty": 0.2 }
  },
  {
    "title": "Magic Retouch Mørk Brun",
    "subtitle": "75 ml",
    "category": {
      "sub": "Shampo og hårprodukter",
      "parent": "Shampo, såpe og hudpleie"
    },
    "price": { "price": 149.9, "unitPrice": 1998.67, "unit": "l", "qty": 0.07 }
  },
  {
    "title": "Trippeldusj",
    "subtitle": "220 ml",
    "category": {
      "sub": "Shampo og hårprodukter",
      "parent": "Shampo, såpe og hudpleie"
    },
    "price": { "price": 25.1, "unitPrice": 114.09, "unit": "l", "qty": 0.22 }
  },
  {
    "title": "Reiseflasker metall",
    "subtitle": "8 beholdere, 8 stk",
    "category": {
      "sub": "Shampo og hårprodukter",
      "parent": "Shampo, såpe og hudpleie"
    },
    "price": { "price": 99.9, "unitPrice": 12.49, "unit": "stk", "qty": 8 }
  },
  {
    "title": "Dusjsåpe Lyko Vegan",
    "subtitle": "75 ml",
    "category": {
      "sub": "Shampo og hårprodukter",
      "parent": "Shampo, såpe og hudpleie"
    },
    "price": { "price": 29.9, "unitPrice": 398.67, "unit": "l", "qty": 0.07 }
  },
  {
    "title": "Excellence 1 Sort",
    "subtitle": "1 stk",
    "category": { "sub": "Hårfarge Ny!", "parent": "Shampo, såpe og hudpleie" },
    "price": { "price": 210.6, "unitPrice": 210.6, "unit": "stk", "qty": 1 }
  },
  {
    "title": "Excellence 3 Mørkebrun",
    "subtitle": "1 stk",
    "category": { "sub": "Hårfarge Ny!", "parent": "Shampo, såpe og hudpleie" },
    "price": { "price": 174.9, "unitPrice": 174.9, "unit": "stk", "qty": 1 }
  },
  {
    "title": "Excellence 4 Brun",
    "subtitle": "1 stk",
    "category": { "sub": "Hårfarge Ny!", "parent": "Shampo, såpe og hudpleie" },
    "price": { "price": 171.9, "unitPrice": 171.9, "unit": "stk", "qty": 1 }
  },
  {
    "title": "Excellence 5 Lysebrun",
    "subtitle": "1 stk",
    "category": { "sub": "Hårfarge Ny!", "parent": "Shampo, såpe og hudpleie" },
    "price": { "price": 163.9, "unitPrice": 163.9, "unit": "stk", "qty": 1 }
  },
  {
    "title": "Excellence 5,3 Lys Gyldenbrun",
    "subtitle": "1 stk",
    "category": { "sub": "Hårfarge Ny!", "parent": "Shampo, såpe og hudpleie" },
    "price": { "price": 174.9, "unitPrice": 174.9, "unit": "stk", "qty": 1 }
  },
  {
    "title": "Excellence 6 Mørkeblond",
    "subtitle": "1 stk",
    "category": { "sub": "Hårfarge Ny!", "parent": "Shampo, såpe og hudpleie" },
    "price": { "price": 166.9, "unitPrice": 166.9, "unit": "stk", "qty": 1 }
  },
  {
    "title": "Excellence 7 Blond",
    "subtitle": "1 stk",
    "category": { "sub": "Hårfarge Ny!", "parent": "Shampo, såpe og hudpleie" },
    "price": { "price": 169.9, "unitPrice": 169.9, "unit": "stk", "qty": 1 }
  },
  {
    "title": "Excellence 8 Lysblond",
    "subtitle": "1 stk",
    "category": { "sub": "Hårfarge Ny!", "parent": "Shampo, såpe og hudpleie" },
    "price": { "price": 172.9, "unitPrice": 172.9, "unit": "stk", "qty": 1 }
  },
  {
    "title": "Excellence 8,1 Lys Askeblond",
    "subtitle": "1 stk",
    "category": { "sub": "Hårfarge Ny!", "parent": "Shampo, såpe og hudpleie" },
    "price": { "price": 210.6, "unitPrice": 210.6, "unit": "stk", "qty": 1 }
  },
  {
    "title": "Excellence 9 Meget Lys Blond",
    "subtitle": "1 stk",
    "category": { "sub": "Hårfarge Ny!", "parent": "Shampo, såpe og hudpleie" },
    "price": { "price": 210.6, "unitPrice": 210.6, "unit": "stk", "qty": 1 }
  },
  {
    "title": "Nutrisse Sort 1",
    "subtitle": "1 stk",
    "category": { "sub": "Hårfarge Ny!", "parent": "Shampo, såpe og hudpleie" },
    "price": { "price": 111.3, "unitPrice": 111.3, "unit": "stk", "qty": 1 }
  },
  {
    "title": "Nutrisse Mørkebrun 3",
    "subtitle": "1 stk",
    "category": { "sub": "Hårfarge Ny!", "parent": "Shampo, såpe og hudpleie" },
    "price": { "price": 111.3, "unitPrice": 111.3, "unit": "stk", "qty": 1 }
  },
  {
    "title": "Nutrisse Brun 4",
    "subtitle": "1 stk",
    "category": { "sub": "Hårfarge Ny!", "parent": "Shampo, såpe og hudpleie" },
    "price": { "price": 111.3, "unitPrice": 111.3, "unit": "stk", "qty": 1 }
  },
  {
    "title": "Nutrisse Gyldenbrun 4,3",
    "subtitle": "1 stk",
    "category": { "sub": "Hårfarge Ny!", "parent": "Shampo, såpe og hudpleie" },
    "price": { "price": 111.3, "unitPrice": 111.3, "unit": "stk", "qty": 1 }
  },
  {
    "title": "Nutrisse Lysebrun 5",
    "subtitle": "1 stk",
    "category": { "sub": "Hårfarge Ny!", "parent": "Shampo, såpe og hudpleie" },
    "price": { "price": 111.3, "unitPrice": 111.3, "unit": "stk", "qty": 1 }
  },
  {
    "title": "Nutrisse Lysebrun 6",
    "subtitle": "1 stk",
    "category": { "sub": "Hårfarge Ny!", "parent": "Shampo, såpe og hudpleie" },
    "price": { "price": 111.3, "unitPrice": 111.3, "unit": "stk", "qty": 1 }
  },
  {
    "title": "Nutrisse Blond 7",
    "subtitle": "1 stk",
    "category": { "sub": "Hårfarge Ny!", "parent": "Shampo, såpe og hudpleie" },
    "price": { "price": 111.3, "unitPrice": 111.3, "unit": "stk", "qty": 1 }
  },
  {
    "title": "Antirynkekrem Q10",
    "subtitle": "50 ml",
    "category": { "sub": "Ansiktspleie", "parent": "Shampo, såpe og hudpleie" },
    "price": { "price": 109.9, "unitPrice": 2198, "unit": "l", "qty": 0.05 }
  },
  {
    "title": "Q10 Nattkrem Antirynker",
    "subtitle": "50 ml",
    "category": { "sub": "Ansiktspleie", "parent": "Shampo, såpe og hudpleie" },
    "price": { "price": 101.9, "unitPrice": 2038, "unit": "l", "qty": 0.05 }
  },
  {
    "title": "Face Cream",
    "subtitle": "50 ml",
    "category": { "sub": "Ansiktspleie", "parent": "Shampo, såpe og hudpleie" },
    "price": { "price": 134.9, "unitPrice": 2698, "unit": "l", "qty": 0.05 }
  },
  {
    "title": "Moisture & Aloe Vera",
    "subtitle": "50 ml",
    "category": { "sub": "Ansiktspleie", "parent": "Shampo, såpe og hudpleie" },
    "price": { "price": 62.5, "unitPrice": 1250, "unit": "l", "qty": 0.05 }
  },
  {
    "title": "Pleiende Ansiktskrem",
    "subtitle": "75 ml",
    "category": { "sub": "Ansiktspleie", "parent": "Shampo, såpe og hudpleie" },
    "price": { "price": 79.5, "unitPrice": 1060, "unit": "l", "qty": 0.07 }
  },
  {
    "title": "Nivea Soft Cream",
    "subtitle": "200 ml",
    "category": { "sub": "Ansiktspleie", "parent": "Shampo, såpe og hudpleie" },
    "price": { "price": 37.6, "unitPrice": 188, "unit": "l", "qty": 0.2 }
  },
  {
    "title": "Kløver Vaseline",
    "subtitle": "40 g",
    "category": { "sub": "Ansiktspleie", "parent": "Shampo, såpe og hudpleie" },
    "price": { "price": 40.6, "unitPrice": 1015, "unit": "kg", "qty": 0.04 }
  },
  {
    "title": "Moisture Bomb Tissue Mask",
    "subtitle": "1 stk",
    "category": { "sub": "Ansiktspleie", "parent": "Shampo, såpe og hudpleie" },
    "price": { "price": 31.7, "unitPrice": 31.7, "unit": "stk", "qty": 1 }
  },
  {
    "title": "Pure Charcoal Tissue Mask",
    "subtitle": "1 stk",
    "category": { "sub": "Ansiktspleie", "parent": "Shampo, såpe og hudpleie" },
    "price": { "price": 32.8, "unitPrice": 32.8, "unit": "stk", "qty": 1 }
  },
  {
    "title": "Age Perfect Dagkrem",
    "subtitle": "Dermo Expertise, 50 ml",
    "category": { "sub": "Ansiktspleie", "parent": "Shampo, såpe og hudpleie" },
    "price": { "price": 113.9, "unitPrice": 2278, "unit": "l", "qty": 0.05 }
  },
  {
    "title": "Revitalift Nattkrem",
    "subtitle": "50 ml",
    "category": { "sub": "Ansiktspleie", "parent": "Shampo, såpe og hudpleie" },
    "price": { "price": 118.9, "unitPrice": 2378, "unit": "l", "qty": 0.05 }
  },
  {
    "title": "After Shave Balm",
    "subtitle": "100 ml",
    "category": { "sub": "Ansiktspleie", "parent": "Shampo, såpe og hudpleie" },
    "price": { "price": 67.5, "unitPrice": 675, "unit": "l", "qty": 0.1 }
  },
  {
    "title": "Age Perfect Night Cream",
    "subtitle": "1 stk",
    "category": { "sub": "Ansiktspleie", "parent": "Shampo, såpe og hudpleie" },
    "price": { "price": 147.9, "unitPrice": 147.9, "unit": "stk", "qty": 1 }
  },
  {
    "title": "Anti Wrinkle Firming Day Care",
    "subtitle": "Lavandin, 50 ml",
    "category": { "sub": "Ansiktspleie", "parent": "Shampo, såpe og hudpleie" },
    "price": { "price": 142, "unitPrice": 2840, "unit": "l", "qty": 0.05 }
  },
  {
    "title": "Bio Argan Nourishing Moisturizer",
    "subtitle": "50 ml",
    "category": { "sub": "Ansiktspleie", "parent": "Shampo, såpe og hudpleie" },
    "price": { "price": 109.3, "unitPrice": 2186, "unit": "l", "qty": 0.05 }
  },
  {
    "title": "Hydra Genius",
    "subtitle": "1 stk",
    "category": { "sub": "Ansiktspleie", "parent": "Shampo, såpe og hudpleie" },
    "price": { "price": 108.4, "unitPrice": 108.4, "unit": "stk", "qty": 1 }
  },
  {
    "title": "Revitalift Energising Red Day Cream",
    "subtitle": "1 stk",
    "category": { "sub": "Ansiktspleie", "parent": "Shampo, såpe og hudpleie" },
    "price": { "price": 195.6, "unitPrice": 195.6, "unit": "stk", "qty": 1 }
  },
  {
    "title": "Revitalift Eye Cream",
    "subtitle": "1 stk",
    "category": { "sub": "Ansiktspleie", "parent": "Shampo, såpe og hudpleie" },
    "price": { "price": 144.9, "unitPrice": 144.9, "unit": "stk", "qty": 1 }
  },
  {
    "title": "VitaLift 5 pump",
    "subtitle": "1 stk",
    "category": { "sub": "Ansiktspleie", "parent": "Shampo, såpe og hudpleie" },
    "price": { "price": 172.8, "unitPrice": 172.8, "unit": "stk", "qty": 1 }
  },
  {
    "title": "Hydra Energetic Dagkrem",
    "subtitle": "Men Expert, 50 ml",
    "category": { "sub": "Ansiktspleie", "parent": "Shampo, såpe og hudpleie" },
    "price": { "price": 91.9, "unitPrice": 1838, "unit": "l", "qty": 0.05 }
  },
  {
    "title": "Rik & Pleiende Bodylotion",
    "subtitle": "200 ml",
    "category": { "sub": "Hudpleie", "parent": "Shampo, såpe og hudpleie" },
    "price": { "price": 46.2, "unitPrice": 231, "unit": "l", "qty": 0.2 }
  },
  {
    "title": "Aloe Vera Body Lotion",
    "subtitle": "200 ml",
    "category": { "sub": "Hudpleie", "parent": "Shampo, såpe og hudpleie" },
    "price": { "price": 53.8, "unitPrice": 269, "unit": "l", "qty": 0.2 }
  },
  {
    "title": "Advanced Repair Hand Cream",
    "subtitle": "75 ml",
    "category": { "sub": "Hudpleie", "parent": "Shampo, såpe og hudpleie" },
    "price": { "price": 43.6, "unitPrice": 581.33, "unit": "l", "qty": 0.08 }
  },
  {
    "title": "Body Lotion",
    "subtitle": "250 ml",
    "category": { "sub": "Hudpleie", "parent": "Shampo, såpe og hudpleie" },
    "price": { "price": 59.7, "unitPrice": 238.8, "unit": "l", "qty": 0.25 }
  },
  {
    "title": "Intensive Repair Creme",
    "subtitle": "100 ml",
    "category": { "sub": "Hudpleie", "parent": "Shampo, såpe og hudpleie" },
    "price": { "price": 65.7, "unitPrice": 657, "unit": "l", "qty": 0.1 }
  },
  {
    "title": "Glowing Ritual Body Lotion",
    "subtitle": "250 ml",
    "category": { "sub": "Hudpleie", "parent": "Shampo, såpe og hudpleie" },
    "price": { "price": 56.3, "unitPrice": 225.2, "unit": "l", "qty": 0.25 }
  },
  {
    "title": "Håndkrem",
    "subtitle": "100 ml",
    "category": { "sub": "Hudpleie", "parent": "Shampo, såpe og hudpleie" },
    "price": { "price": 36, "unitPrice": 360, "unit": "l", "qty": 0.1 }
  },
  {
    "title": "Bodylotion",
    "subtitle": "200 ml",
    "category": { "sub": "Hudpleie", "parent": "Shampo, såpe og hudpleie" },
    "price": { "price": 42.6, "unitPrice": 213, "unit": "l", "qty": 0.2 }
  },
  {
    "title": "Men Body And Face Cream",
    "subtitle": "150 ml",
    "category": { "sub": "Hudpleie", "parent": "Shampo, såpe og hudpleie" },
    "price": { "price": 59, "unitPrice": 393.33, "unit": "l", "qty": 0.15 }
  },
  {
    "title": "Moisturising Hand Cream, Lavender & Shea Butter",
    "subtitle": "50 ml",
    "category": { "sub": "Hudpleie", "parent": "Shampo, såpe og hudpleie" },
    "price": { "price": 57.4, "unitPrice": 1148, "unit": "l", "qty": 0.05 }
  },
  {
    "title": "Soft Caring Lotion",
    "subtitle": "250 ml",
    "category": { "sub": "Hudpleie", "parent": "Shampo, såpe og hudpleie" },
    "price": { "price": 41.7, "unitPrice": 166.8, "unit": "l", "qty": 0.25 }
  },
  {
    "title": "Spenol Hudkrem",
    "subtitle": "250 ml",
    "category": { "sub": "Hudpleie", "parent": "Shampo, såpe og hudpleie" },
    "price": { "price": 33.7, "unitPrice": 134.8, "unit": "l", "qty": 0.25 }
  },
  {
    "title": "Håndkrem",
    "subtitle": "100 ml",
    "category": { "sub": "Hudpleie", "parent": "Shampo, såpe og hudpleie" },
    "price": { "price": 45.6, "unitPrice": 456, "unit": "l", "qty": 0.1 }
  },
  {
    "title": "Age Perfect Eye Cream",
    "subtitle": "1 stk",
    "category": { "sub": "Hudpleie", "parent": "Shampo, såpe og hudpleie" },
    "price": { "price": 195.6, "unitPrice": 195.6, "unit": "stk", "qty": 1 }
  },
  {
    "title": "Age Perfect Golden Age Rosy Day",
    "subtitle": "1 stk",
    "category": { "sub": "Hudpleie", "parent": "Shampo, såpe og hudpleie" },
    "price": { "price": 217.5, "unitPrice": 217.5, "unit": "stk", "qty": 1 }
  },
  {
    "title": "Age Perfect Golden Age Rosy Eye Cream",
    "subtitle": "1 stk",
    "category": { "sub": "Hudpleie", "parent": "Shampo, såpe og hudpleie" },
    "price": { "price": 217.5, "unitPrice": 217.5, "unit": "stk", "qty": 1 }
  },
  {
    "title": "Age Perfect Golden Age Rosy Night",
    "subtitle": "1 stk",
    "category": { "sub": "Hudpleie", "parent": "Shampo, såpe og hudpleie" },
    "price": { "price": 217.5, "unitPrice": 217.5, "unit": "stk", "qty": 1 }
  },
  {
    "title": "Moisture+ Botanical Green Tea Day Cream",
    "subtitle": "1 stk",
    "category": { "sub": "Hudpleie", "parent": "Shampo, såpe og hudpleie" },
    "price": { "price": 75.3, "unitPrice": 75.3, "unit": "stk", "qty": 1 }
  },
  {
    "title": "Moisture+ Botanical Rose Floral Water Day Cream",
    "subtitle": "1 stk",
    "category": { "sub": "Hudpleie", "parent": "Shampo, såpe og hudpleie" },
    "price": { "price": 71.1, "unitPrice": 71.1, "unit": "stk", "qty": 1 }
  },
  {
    "title": "Argan Rescue Balm Garnier Bio",
    "subtitle": "1 stk",
    "category": { "sub": "Hudpleie", "parent": "Shampo, såpe og hudpleie" },
    "price": { "price": 108.4, "unitPrice": 108.4, "unit": "stk", "qty": 1 }
  },
  {
    "title": "Cornflower Micellar Water Garnier Bio",
    "subtitle": "1 stk",
    "category": { "sub": "Hudpleie", "parent": "Shampo, såpe og hudpleie" },
    "price": { "price": 86.3, "unitPrice": 86.3, "unit": "stk", "qty": 1 }
  },
  {
    "title": "Lavendin Oil Garnier Bio",
    "subtitle": "1 stk",
    "category": { "sub": "Hudpleie", "parent": "Shampo, såpe og hudpleie" },
    "price": { "price": 130.2, "unitPrice": 130.2, "unit": "stk", "qty": 1 }
  },
  {
    "title": "Lavender Firming Eye Contour Garnier Bio",
    "subtitle": "1 stk",
    "category": { "sub": "Hudpleie", "parent": "Shampo, såpe og hudpleie" },
    "price": { "price": 130.2, "unitPrice": 130.2, "unit": "stk", "qty": 1 }
  },
  {
    "title": "Lemongrass Moisturizer Garnier Bio",
    "subtitle": "1 stk",
    "category": { "sub": "Hudpleie", "parent": "Shampo, såpe og hudpleie" },
    "price": { "price": 108.4, "unitPrice": 108.4, "unit": "stk", "qty": 1 }
  },
  {
    "title": "Nourishing Mist Garnier Bio",
    "subtitle": "1 stk",
    "category": { "sub": "Hudpleie", "parent": "Shampo, såpe og hudpleie" },
    "price": { "price": 86.3, "unitPrice": 86.3, "unit": "stk", "qty": 1 }
  },
  {
    "title": "Purifying Thyme Perfecting Toner Garnier Bio",
    "subtitle": "1 stk",
    "category": { "sub": "Hudpleie", "parent": "Shampo, såpe og hudpleie" },
    "price": { "price": 97.4, "unitPrice": 97.4, "unit": "stk", "qty": 1 }
  },
  {
    "title": "Bodylotion Cottontouch",
    "subtitle": "300 ml",
    "category": { "sub": "Hudpleie", "parent": "Shampo, såpe og hudpleie" },
    "price": { "price": 47.6, "unitPrice": 158.67, "unit": "l", "qty": 0.3 }
  },
  {
    "title": "Delicious Glow Body Lotion",
    "subtitle": "400 ml",
    "category": { "sub": "Hudpleie", "parent": "Shampo, såpe og hudpleie" },
    "price": { "price": 85.5, "unitPrice": 213.75, "unit": "l", "qty": 0.4 }
  },
  {
    "title": "Luscious Hydration Body Lotion",
    "subtitle": "400 ml",
    "category": { "sub": "Hudpleie", "parent": "Shampo, såpe og hudpleie" },
    "price": { "price": 85.4, "unitPrice": 213.5, "unit": "l", "qty": 0.4 }
  },
  {
    "title": "Rise & Shine Håndkrem",
    "subtitle": "økologisk, 75 ml",
    "category": { "sub": "Hudpleie", "parent": "Shampo, såpe og hudpleie" },
    "price": { "price": 39.9, "unitPrice": 532, "unit": "l", "qty": 0.07 }
  },
  {
    "title": "Blown away Håndkrem",
    "subtitle": "økologisk, 75 ml",
    "category": { "sub": "Hudpleie", "parent": "Shampo, såpe og hudpleie" },
    "price": { "price": 39.9, "unitPrice": 532, "unit": "l", "qty": 0.07 }
  },
  {
    "title": "Kløver Vaseline",
    "subtitle": "40 g",
    "category": { "sub": "Leppepomade", "parent": "Shampo, såpe og hudpleie" },
    "price": { "price": 40.6, "unitPrice": 1015, "unit": "kg", "qty": 0.04 }
  },
  {
    "title": "Vaseline Lip",
    "subtitle": "Rosy Lips, 20 g",
    "category": { "sub": "Leppepomade", "parent": "Shampo, såpe og hudpleie" },
    "price": { "price": 26.2, "unitPrice": 1310, "unit": "kg", "qty": 0.02 }
  },
  {
    "title": "Vaseline Lip",
    "subtitle": "Original, 20 g",
    "category": { "sub": "Leppepomade", "parent": "Shampo, såpe og hudpleie" },
    "price": { "price": 30, "unitPrice": 1500, "unit": "kg", "qty": 0.02 }
  },
  {
    "title": "Leppepomade Tube",
    "subtitle": "1 stk",
    "category": { "sub": "Leppepomade", "parent": "Shampo, såpe og hudpleie" },
    "price": { "price": 38.9, "unitPrice": 38.9, "unit": "stk", "qty": 1 }
  },
  {
    "title": "Labello Hydro Care",
    "subtitle": "1 stk",
    "category": { "sub": "Leppepomade", "parent": "Shampo, såpe og hudpleie" },
    "price": { "price": 26.8, "unitPrice": 26.8, "unit": "stk", "qty": 1 }
  },
  {
    "title": "Lypsyl",
    "subtitle": "Original blå, 1 stk",
    "category": { "sub": "Leppepomade", "parent": "Shampo, såpe og hudpleie" },
    "price": { "price": 26.2, "unitPrice": 26.2, "unit": "stk", "qty": 1 }
  },
  {
    "title": "Lypsyl",
    "subtitle": "Aloe Vera, 1 stk",
    "category": { "sub": "Leppepomade", "parent": "Shampo, såpe og hudpleie" },
    "price": { "price": 29.6, "unitPrice": 29.6, "unit": "stk", "qty": 1 }
  },
  {
    "title": "Labello Peach Shine",
    "subtitle": "1 stk",
    "category": { "sub": "Leppepomade", "parent": "Shampo, såpe og hudpleie" },
    "price": { "price": 37, "unitPrice": 37, "unit": "stk", "qty": 1 }
  },
  {
    "title": "Leppepomade Lyko Vegan",
    "subtitle": "Nøytral, 1 stk",
    "category": { "sub": "Leppepomade", "parent": "Shampo, såpe og hudpleie" },
    "price": { "price": 29.9, "unitPrice": 29.9, "unit": "stk", "qty": 1 }
  },
  {
    "title": "Neutral Kids Shampo",
    "subtitle": "Uten Parfyme, 250 ml",
    "category": {
      "sub": "Barnesåpe og babyolje",
      "parent": "Shampo, såpe og hudpleie"
    },
    "price": { "price": 46, "unitPrice": 184, "unit": "l", "qty": 0.25 }
  },
  {
    "title": "Neutral Kids Dusj",
    "subtitle": "Uten Parfyme, 250 ml",
    "category": {
      "sub": "Barnesåpe og babyolje",
      "parent": "Shampo, såpe og hudpleie"
    },
    "price": { "price": 45, "unitPrice": 180, "unit": "l", "qty": 0.25 }
  },
  {
    "title": "Badesåpe Baby",
    "subtitle": "150 ml",
    "category": {
      "sub": "Barnesåpe og babyolje",
      "parent": "Shampo, såpe og hudpleie"
    },
    "price": { "price": 33.1, "unitPrice": 220.67, "unit": "l", "qty": 0.15 }
  },
  {
    "title": "Baby Bad",
    "subtitle": "250 ml",
    "category": {
      "sub": "Barnesåpe og babyolje",
      "parent": "Shampo, såpe og hudpleie"
    },
    "price": { "price": 38.9, "unitPrice": 155.6, "unit": "l", "qty": 0.25 }
  },
  {
    "title": "Babyolje",
    "subtitle": "250 ml",
    "category": {
      "sub": "Barnesåpe og babyolje",
      "parent": "Shampo, såpe og hudpleie"
    },
    "price": { "price": 53.1, "unitPrice": 212.4, "unit": "l", "qty": 0.25 }
  },
  {
    "title": "Shampo Baby",
    "subtitle": "250 ml",
    "category": {
      "sub": "Barnesåpe og babyolje",
      "parent": "Shampo, såpe og hudpleie"
    },
    "price": { "price": 31.7, "unitPrice": 126.8, "unit": "l", "qty": 0.25 }
  },
  {
    "title": "Sinksalve",
    "subtitle": "100 ml",
    "category": {
      "sub": "Barnesåpe og babyolje",
      "parent": "Shampo, såpe og hudpleie"
    },
    "price": { "price": 32.7, "unitPrice": 327, "unit": "l", "qty": 0.1 }
  },
  {
    "title": "Top-to-toe Babywash",
    "subtitle": "300 ml",
    "category": {
      "sub": "Barnesåpe og babyolje",
      "parent": "Shampo, såpe og hudpleie"
    },
    "price": { "price": 43.5, "unitPrice": 145, "unit": "l", "qty": 0.3 }
  },
  {
    "title": "Nappy Cream Sinksalve",
    "subtitle": "110 g",
    "category": {
      "sub": "Barnesåpe og babyolje",
      "parent": "Shampo, såpe og hudpleie"
    },
    "price": { "price": 38.4, "unitPrice": 349.09, "unit": "kg", "qty": 0.11 }
  },
  {
    "title": "Hair & Scalp Oil",
    "subtitle": "Cottontouch, 300 ml",
    "category": {
      "sub": "Barnesåpe og babyolje",
      "parent": "Shampo, såpe og hudpleie"
    },
    "price": { "price": 47.6, "unitPrice": 158.67, "unit": "l", "qty": 0.3 }
  },
  {
    "title": "Kids Shampo",
    "subtitle": "No More Tangles, 300 ml",
    "category": {
      "sub": "Barnesåpe og babyolje",
      "parent": "Shampo, såpe og hudpleie"
    },
    "price": { "price": 44.7, "unitPrice": 149, "unit": "l", "qty": 0.3 }
  },
  {
    "title": "Bath & Wash Cottontouch",
    "subtitle": "2 in 1, 300 ml",
    "category": {
      "sub": "Barnesåpe og babyolje",
      "parent": "Shampo, såpe og hudpleie"
    },
    "price": { "price": 42.6, "unitPrice": 142, "unit": "l", "qty": 0.3 }
  },
  {
    "title": "Baby Shampo",
    "subtitle": "300 ml",
    "category": {
      "sub": "Barnesåpe og babyolje",
      "parent": "Shampo, såpe og hudpleie"
    },
    "price": { "price": 37.6, "unitPrice": 125.33, "unit": "l", "qty": 0.3 }
  },
  {
    "title": "Baby Olje",
    "subtitle": "150 ml",
    "category": {
      "sub": "Barnesåpe og babyolje",
      "parent": "Shampo, såpe og hudpleie"
    },
    "price": { "price": 53.8, "unitPrice": 358.67, "unit": "l", "qty": 0.15 }
  },
  {
    "title": "Aloe Vera Olje",
    "subtitle": "300 ml",
    "category": {
      "sub": "Barnesåpe og babyolje",
      "parent": "Shampo, såpe og hudpleie"
    },
    "price": { "price": 43.8, "unitPrice": 146, "unit": "l", "qty": 0.3 }
  },
  {
    "title": "Babypudder",
    "subtitle": "100 g",
    "category": {
      "sub": "Barnesåpe og babyolje",
      "parent": "Shampo, såpe og hudpleie"
    },
    "price": { "price": 35.6, "unitPrice": 356, "unit": "kg", "qty": 0.1 }
  },
  {
    "title": "Sun Protection Milk SPF 15",
    "subtitle": "200 ml",
    "category": {
      "sub": "Solkrem og selvbruning",
      "parent": "Shampo, såpe og hudpleie"
    },
    "price": { "price": 130.2, "unitPrice": 651, "unit": "l", "qty": 0.2 }
  },
  {
    "title": "Sun Protection Milk SPF 20",
    "subtitle": "200 ml",
    "category": {
      "sub": "Solkrem og selvbruning",
      "parent": "Shampo, såpe og hudpleie"
    },
    "price": { "price": 130.2, "unitPrice": 651, "unit": "l", "qty": 0.2 }
  },
  {
    "title": "Sun Protection Milk SPF 30",
    "subtitle": "200 ml",
    "category": {
      "sub": "Solkrem og selvbruning",
      "parent": "Shampo, såpe og hudpleie"
    },
    "price": { "price": 130.2, "unitPrice": 651, "unit": "l", "qty": 0.2 }
  },
  {
    "title": "Sensitive Advanced Kids Lotion SPF 50+",
    "subtitle": "200 ml",
    "category": {
      "sub": "Solkrem og selvbruning",
      "parent": "Shampo, såpe og hudpleie"
    },
    "price": { "price": 162.9, "unitPrice": 814.5, "unit": "l", "qty": 0.2 }
  },
  {
    "title": "Kids Moisturising spray Swim SPF50",
    "subtitle": "200 ml",
    "category": {
      "sub": "Solkrem og selvbruning",
      "parent": "Shampo, såpe og hudpleie"
    },
    "price": { "price": 162.9, "unitPrice": 814.5, "unit": "l", "qty": 0.2 }
  },
  {
    "title": "Sensitive Advanced Daily Protect Mist SPF 50 +",
    "subtitle": "75 ml",
    "category": {
      "sub": "Solkrem og selvbruning",
      "parent": "Shampo, såpe og hudpleie"
    },
    "price": { "price": 125.6, "unitPrice": 1674.67, "unit": "l", "qty": 0.07 }
  },
  {
    "title": "UV Water SPF 20",
    "subtitle": "150 ml",
    "category": {
      "sub": "Solkrem og selvbruning",
      "parent": "Shampo, såpe og hudpleie"
    },
    "price": { "price": 163.8, "unitPrice": 1092, "unit": "l", "qty": 0.15 }
  },
  {
    "title": "UV Water SPF 30",
    "subtitle": "150 ml",
    "category": {
      "sub": "Solkrem og selvbruning",
      "parent": "Shampo, såpe og hudpleie"
    },
    "price": { "price": 163.8, "unitPrice": 1092, "unit": "l", "qty": 0.15 }
  },
  {
    "title": "UV-Water Mist SPF30",
    "subtitle": "200 ml",
    "category": {
      "sub": "Solkrem og selvbruning",
      "parent": "Shampo, såpe og hudpleie"
    },
    "price": { "price": 195.6, "unitPrice": 978, "unit": "l", "qty": 0.2 }
  },
  {
    "title": "Sublime Bronze Self-Tan Milk",
    "subtitle": "150 ml",
    "category": {
      "sub": "Solkrem og selvbruning",
      "parent": "Shampo, såpe og hudpleie"
    },
    "price": { "price": 180.4, "unitPrice": 1202.67, "unit": "l", "qty": 0.15 }
  },
  {
    "title": "Sublime Bronze Self-Tan Express ProFace",
    "subtitle": "75 ml",
    "category": {
      "sub": "Solkrem og selvbruning",
      "parent": "Shampo, såpe og hudpleie"
    },
    "price": { "price": 132.6, "unitPrice": 1768, "unit": "l", "qty": 0.07 }
  },
  {
    "title": "Lash Sensational - Black",
    "subtitle": "1 stk",
    "category": { "sub": "Mascara", "parent": "Sminke og skjønnhet" },
    "price": { "price": 152, "unitPrice": 152, "unit": "stk", "qty": 1 }
  },
  {
    "title": "Volum'Express Colossal Black",
    "subtitle": "1 stk",
    "category": { "sub": "Mascara", "parent": "Sminke og skjønnhet" },
    "price": { "price": 150.9, "unitPrice": 150.9, "unit": "stk", "qty": 1 }
  },
  {
    "title": "Paradise Extatic Mascara Black",
    "subtitle": "1 stk",
    "category": { "sub": "Mascara", "parent": "Sminke og skjønnhet" },
    "price": { "price": 162.9, "unitPrice": 162.9, "unit": "stk", "qty": 1 }
  },
  {
    "title": "Volume Million Lashes So Couture Black",
    "subtitle": "1 stk",
    "category": { "sub": "Mascara", "parent": "Sminke og skjønnhet" },
    "price": { "price": 195.6, "unitPrice": 195.6, "unit": "stk", "qty": 1 }
  },
  {
    "title": "Great Lash Very Black",
    "subtitle": "1 stk",
    "category": { "sub": "Mascara", "parent": "Sminke og skjønnhet" },
    "price": { "price": 114.7, "unitPrice": 114.7, "unit": "stk", "qty": 1 }
  },
  {
    "title": "Double Extension Mascara Black",
    "subtitle": "1 stk",
    "category": { "sub": "Mascara", "parent": "Sminke og skjønnhet" },
    "price": { "price": 206.5, "unitPrice": 206.5, "unit": "stk", "qty": 1 }
  },
  {
    "title": "Telescopic Mascara Carbon Black",
    "subtitle": "1 stk",
    "category": { "sub": "Mascara", "parent": "Sminke og skjønnhet" },
    "price": { "price": 173.8, "unitPrice": 173.8, "unit": "stk", "qty": 1 }
  },
  {
    "title": "Volume Million Lashes Mascara Black",
    "subtitle": "1 stk",
    "category": { "sub": "Mascara", "parent": "Sminke og skjønnhet" },
    "price": { "price": 195.6, "unitPrice": 195.6, "unit": "stk", "qty": 1 }
  },
  {
    "title": "Volum Million Lashes Brown",
    "subtitle": "1 stk",
    "category": { "sub": "Mascara", "parent": "Sminke og skjønnhet" },
    "price": { "price": 184.7, "unitPrice": 184.7, "unit": "stk", "qty": 1 }
  },
  {
    "title": "Brow drama Transparent",
    "subtitle": "1 stk",
    "category": { "sub": "Mascara", "parent": "Sminke og skjønnhet" },
    "price": { "price": 130.2, "unitPrice": 130.2, "unit": "stk", "qty": 1 }
  },
  {
    "title": "Brow drama Dark Brown",
    "subtitle": "1 stk",
    "category": { "sub": "Mascara", "parent": "Sminke og skjønnhet" },
    "price": { "price": 108.4, "unitPrice": 108.4, "unit": "stk", "qty": 1 }
  },
  {
    "title": "Volum'Express Colossal Waterproof",
    "subtitle": "1 stk",
    "category": { "sub": "Mascara", "parent": "Sminke og skjønnhet" },
    "price": { "price": 150.9, "unitPrice": 150.9, "unit": "stk", "qty": 1 }
  },
  {
    "title": "Lash Sensational - Black WP",
    "subtitle": "1 stk",
    "category": { "sub": "Mascara", "parent": "Sminke og skjønnhet" },
    "price": { "price": 152, "unitPrice": 152, "unit": "stk", "qty": 1 }
  },
  {
    "title": "Mega Volum Collagen Extra Black",
    "subtitle": "1 stk",
    "category": { "sub": "Mascara", "parent": "Sminke og skjønnhet" },
    "price": { "price": 173.8, "unitPrice": 173.8, "unit": "stk", "qty": 1 }
  },
  {
    "title": "Volume Million Lashes Mascara WP Black",
    "subtitle": "1 stk",
    "category": { "sub": "Mascara", "parent": "Sminke og skjønnhet" },
    "price": { "price": 195.6, "unitPrice": 195.6, "unit": "stk", "qty": 1 }
  },
  {
    "title": "Million Lashes Volume Mascara Feline Black",
    "subtitle": "1 stk",
    "category": { "sub": "Mascara", "parent": "Sminke og skjønnhet" },
    "price": { "price": 195.6, "unitPrice": 195.6, "unit": "stk", "qty": 1 }
  },
  {
    "title": "Paradise Extatic Black WP",
    "subtitle": "1 stk",
    "category": { "sub": "Mascara", "parent": "Sminke og skjønnhet" },
    "price": { "price": 162.9, "unitPrice": 162.9, "unit": "stk", "qty": 1 }
  },
  {
    "title": "Paradise Extatic Primer White",
    "subtitle": "1 stk",
    "category": { "sub": "Mascara", "parent": "Sminke og skjønnhet" },
    "price": { "price": 152, "unitPrice": 152, "unit": "stk", "qty": 1 }
  },
  {
    "title": "Snapscara HD Black",
    "subtitle": "1 stk",
    "category": { "sub": "Mascara", "parent": "Sminke og skjønnhet" },
    "price": { "price": 152, "unitPrice": 152, "unit": "stk", "qty": 1 }
  },
  {
    "title": "Telescopic False Lash Mascara mag.Black",
    "subtitle": "1 stk",
    "category": { "sub": "Mascara", "parent": "Sminke og skjønnhet" },
    "price": { "price": 195.6, "unitPrice": 195.6, "unit": "stk", "qty": 1 }
  },
  {
    "title": "Telescopic Mascara Black",
    "subtitle": "1 stk",
    "category": { "sub": "Mascara", "parent": "Sminke og skjønnhet" },
    "price": { "price": 195.6, "unitPrice": 195.6, "unit": "stk", "qty": 1 }
  },
  {
    "title": "Total Temptation Black",
    "subtitle": "1 stk",
    "category": { "sub": "Mascara", "parent": "Sminke og skjønnhet" },
    "price": { "price": 162.9, "unitPrice": 162.9, "unit": "stk", "qty": 1 }
  },
  {
    "title": "Total Temptation Black Waterproof",
    "subtitle": "1 stk",
    "category": { "sub": "Mascara", "parent": "Sminke og skjønnhet" },
    "price": { "price": 162.9, "unitPrice": 162.9, "unit": "stk", "qty": 1 }
  },
  {
    "title": "Unlimited Mascara Black",
    "subtitle": "1 stk",
    "category": { "sub": "Mascara", "parent": "Sminke og skjønnhet" },
    "price": { "price": 195.6, "unitPrice": 195.6, "unit": "stk", "qty": 1 }
  },
  {
    "title": "Unlimited Mascara Very Different Waterproof",
    "subtitle": "1 stk",
    "category": { "sub": "Mascara", "parent": "Sminke og skjønnhet" },
    "price": { "price": 184.7, "unitPrice": 184.7, "unit": "stk", "qty": 1 }
  },
  {
    "title": "Brow ultra slim Deep Brown",
    "subtitle": "1 stk",
    "category": {
      "sub": "Øyenskygge, liners og bryn",
      "parent": "Sminke og skjønnhet"
    },
    "price": { "price": 97.4, "unitPrice": 97.4, "unit": "stk", "qty": 1 }
  },
  {
    "title": "Brow Artist Xpert Ebony",
    "subtitle": "1 stk",
    "category": {
      "sub": "Øyenskygge, liners og bryn",
      "parent": "Sminke og skjønnhet"
    },
    "price": { "price": 108.4, "unitPrice": 108.4, "unit": "stk", "qty": 1 }
  },
  {
    "title": "Brow Artist Xpert Brunette",
    "subtitle": "1 stk",
    "category": {
      "sub": "Øyenskygge, liners og bryn",
      "parent": "Sminke og skjønnhet"
    },
    "price": { "price": 108.4, "unitPrice": 108.4, "unit": "stk", "qty": 1 }
  },
  {
    "title": "Brow Artist Designer Deep Brown",
    "subtitle": "1 stk",
    "category": {
      "sub": "Øyenskygge, liners og bryn",
      "parent": "Sminke og skjønnhet"
    },
    "price": { "price": 108.4, "unitPrice": 108.4, "unit": "stk", "qty": 1 }
  },
  {
    "title": "Superliner Perfect Slim Black",
    "subtitle": "1 stk",
    "category": {
      "sub": "Øyenskygge, liners og bryn",
      "parent": "Sminke og skjønnhet"
    },
    "price": { "price": 152, "unitPrice": 152, "unit": "stk", "qty": 1 }
  },
  {
    "title": "Brow ultra slim Blonde",
    "subtitle": "1 stk",
    "category": {
      "sub": "Øyenskygge, liners og bryn",
      "parent": "Sminke og skjønnhet"
    },
    "price": { "price": 97.4, "unitPrice": 97.4, "unit": "stk", "qty": 1 }
  },
  {
    "title": "Tattoo Signature Black",
    "subtitle": "1 stk",
    "category": {
      "sub": "Øyenskygge, liners og bryn",
      "parent": "Sminke og skjønnhet"
    },
    "price": { "price": 150.9, "unitPrice": 150.9, "unit": "stk", "qty": 1 }
  },
  {
    "title": "Unbelieva'brow Chatain",
    "subtitle": "1 stk",
    "category": {
      "sub": "Øyenskygge, liners og bryn",
      "parent": "Sminke og skjønnhet"
    },
    "price": { "price": 195.6, "unitPrice": 195.6, "unit": "stk", "qty": 1 }
  },
  {
    "title": "Brow Artist Designer Deli Blond",
    "subtitle": "1 stk",
    "category": {
      "sub": "Øyenskygge, liners og bryn",
      "parent": "Sminke og skjønnhet"
    },
    "price": { "price": 130.2, "unitPrice": 130.2, "unit": "stk", "qty": 1 }
  },
  {
    "title": "Lash Sensational Boosting serum",
    "subtitle": "1 stk",
    "category": {
      "sub": "Øyenskygge, liners og bryn",
      "parent": "Sminke og skjønnhet"
    },
    "price": { "price": 173.8, "unitPrice": 173.8, "unit": "stk", "qty": 1 }
  },
  {
    "title": "Superliner Le Kohl Midnight Black",
    "subtitle": "1 stk",
    "category": {
      "sub": "Øyenskygge, liners og bryn",
      "parent": "Sminke og skjønnhet"
    },
    "price": { "price": 97.4, "unitPrice": 97.4, "unit": "stk", "qty": 1 }
  },
  {
    "title": "Superliner Le Kohl Pure Espresso",
    "subtitle": "1 stk",
    "category": {
      "sub": "Øyenskygge, liners og bryn",
      "parent": "Sminke og skjønnhet"
    },
    "price": { "price": 97.4, "unitPrice": 97.4, "unit": "stk", "qty": 1 }
  },
  {
    "title": "Clinically Proven Lash Serum",
    "subtitle": "1 stk",
    "category": {
      "sub": "Øyenskygge, liners og bryn",
      "parent": "Sminke og skjønnhet"
    },
    "price": { "price": 261.3, "unitPrice": 261.3, "unit": "stk", "qty": 1 }
  },
  {
    "title": "Ultra precision - Superliner Liquid Eyeliner Black",
    "subtitle": "1 stk",
    "category": {
      "sub": "Øyenskygge, liners og bryn",
      "parent": "Sminke og skjønnhet"
    },
    "price": { "price": 152, "unitPrice": 152, "unit": "stk", "qty": 1 }
  },
  {
    "title": "Brow ultra slim Medium Brown",
    "subtitle": "1 stk",
    "category": {
      "sub": "Øyenskygge, liners og bryn",
      "parent": "Sminke og skjønnhet"
    },
    "price": { "price": 130.2, "unitPrice": 130.2, "unit": "stk", "qty": 1 }
  },
  {
    "title": "Hyper Precise All Day Liquid Liner Black",
    "subtitle": "1 stk",
    "category": {
      "sub": "Øyenskygge, liners og bryn",
      "parent": "Sminke og skjønnhet"
    },
    "price": { "price": 119.3, "unitPrice": 119.3, "unit": "stk", "qty": 1 }
  },
  {
    "title": "Unbelieva'brow Dark Brunette",
    "subtitle": "1 stk",
    "category": {
      "sub": "Øyenskygge, liners og bryn",
      "parent": "Sminke og skjønnhet"
    },
    "price": { "price": 195.6, "unitPrice": 195.6, "unit": "stk", "qty": 1 }
  },
  {
    "title": "Brow Artist Xpert Warm Brunette",
    "subtitle": "1 stk",
    "category": {
      "sub": "Øyenskygge, liners og bryn",
      "parent": "Sminke og skjønnhet"
    },
    "price": { "price": 108.4, "unitPrice": 108.4, "unit": "stk", "qty": 1 }
  },
  {
    "title": "Brow Artist Xpert Grey Brunette",
    "subtitle": "1 stk",
    "category": {
      "sub": "Øyenskygge, liners og bryn",
      "parent": "Sminke og skjønnhet"
    },
    "price": { "price": 108.4, "unitPrice": 108.4, "unit": "stk", "qty": 1 }
  },
  {
    "title": "Color Riche 236 Organza Lipstick",
    "subtitle": "1 stk",
    "category": {
      "sub": "Leppestift, liner og gloss",
      "parent": "Sminke og skjønnhet"
    },
    "price": { "price": 141.1, "unitPrice": 141.1, "unit": "stk", "qty": 1 }
  },
  {
    "title": "Color Riche 258 Berry Lipstick",
    "subtitle": "1 stk",
    "category": {
      "sub": "Leppestift, liner og gloss",
      "parent": "Sminke og skjønnhet"
    },
    "price": { "price": 141.1, "unitPrice": 141.1, "unit": "stk", "qty": 1 }
  },
  {
    "title": "Color Riche Shine 112 Only in Paris Lipstick",
    "subtitle": "1 stk",
    "category": {
      "sub": "Leppestift, liner og gloss",
      "parent": "Sminke og skjønnhet"
    },
    "price": { "price": 162.9, "unitPrice": 162.9, "unit": "stk", "qty": 1 }
  },
  {
    "title": "Color Riche Shine 111 Instaheaven Lipstick",
    "subtitle": "1 stk",
    "category": {
      "sub": "Leppestift, liner og gloss",
      "parent": "Sminke og skjønnhet"
    },
    "price": { "price": 162.9, "unitPrice": 162.9, "unit": "stk", "qty": 1 }
  },
  {
    "title": "Color Riche Shine 245 High on Craze Lipstick",
    "subtitle": "1 stk",
    "category": {
      "sub": "Leppestift, liner og gloss",
      "parent": "Sminke og skjønnhet"
    },
    "price": { "price": 162.9, "unitPrice": 162.9, "unit": "stk", "qty": 1 }
  },
  {
    "title": "Color Riche 108 Brun Cuivre Lipstick",
    "subtitle": "1 stk",
    "category": {
      "sub": "Leppestift, liner og gloss",
      "parent": "Sminke og skjønnhet"
    },
    "price": { "price": 162.9, "unitPrice": 162.9, "unit": "stk", "qty": 1 }
  },
  {
    "title": "Color Riche 303 Rose Tendre Lipstick",
    "subtitle": "1 stk",
    "category": {
      "sub": "Leppestift, liner og gloss",
      "parent": "Sminke og skjønnhet"
    },
    "price": { "price": 162.9, "unitPrice": 162.9, "unit": "stk", "qty": 1 }
  },
  {
    "title": "Color Riche 345 Cherry Lipstick",
    "subtitle": "1 stk",
    "category": {
      "sub": "Leppestift, liner og gloss",
      "parent": "Sminke og skjønnhet"
    },
    "price": { "price": 162.9, "unitPrice": 162.9, "unit": "stk", "qty": 1 }
  },
  {
    "title": "Color Riche 453 Fondante de Rose Lipstick",
    "subtitle": "1 stk",
    "category": {
      "sub": "Leppestift, liner og gloss",
      "parent": "Sminke og skjønnhet"
    },
    "price": { "price": 162.9, "unitPrice": 162.9, "unit": "stk", "qty": 1 }
  },
  {
    "title": "Color Riche 464 Color Hype Lipstick",
    "subtitle": "1 stk",
    "category": {
      "sub": "Leppestift, liner og gloss",
      "parent": "Sminke og skjønnhet"
    },
    "price": { "price": 162.9, "unitPrice": 162.9, "unit": "stk", "qty": 1 }
  },
  {
    "title": "Color Sensational Galactic Mauve Lipstick",
    "subtitle": "1 stk",
    "category": {
      "sub": "Leppestift, liner og gloss",
      "parent": "Sminke og skjønnhet"
    },
    "price": { "price": 152, "unitPrice": 152, "unit": "stk", "qty": 1 }
  },
  {
    "title": "Color Sensational Magic Mauve Lipstick",
    "subtitle": "1 stk",
    "category": {
      "sub": "Leppestift, liner og gloss",
      "parent": "Sminke og skjønnhet"
    },
    "price": { "price": 141.1, "unitPrice": 141.1, "unit": "stk", "qty": 1 }
  },
  {
    "title": "Color Sensational Mauve Mania Lipstick",
    "subtitle": "1 stk",
    "category": {
      "sub": "Leppestift, liner og gloss",
      "parent": "Sminke og skjønnhet"
    },
    "price": { "price": 141.1, "unitPrice": 141.1, "unit": "stk", "qty": 1 }
  },
  {
    "title": "Color Sensational Summer Pink Lipstick",
    "subtitle": "1 stk",
    "category": {
      "sub": "Leppestift, liner og gloss",
      "parent": "Sminke og skjønnhet"
    },
    "price": { "price": 152, "unitPrice": 152, "unit": "stk", "qty": 1 }
  },
  {
    "title": "Made for all Color Sensational Fuchsia for me",
    "subtitle": "1 stk",
    "category": {
      "sub": "Leppestift, liner og gloss",
      "parent": "Sminke og skjønnhet"
    },
    "price": { "price": 152, "unitPrice": 152, "unit": "stk", "qty": 1 }
  },
  {
    "title": "Color Sensational Tantalizing Taupe Lipstick",
    "subtitle": "1 stk",
    "category": {
      "sub": "Leppestift, liner og gloss",
      "parent": "Sminke og skjønnhet"
    },
    "price": { "price": 141.1, "unitPrice": 141.1, "unit": "stk", "qty": 1 }
  },
  {
    "title": "Made for all Color Sensational Mauve for me",
    "subtitle": "1 stk",
    "category": {
      "sub": "Leppestift, liner og gloss",
      "parent": "Sminke og skjønnhet"
    },
    "price": { "price": 152, "unitPrice": 152, "unit": "stk", "qty": 1 }
  },
  {
    "title": "Color Riche Shine 642 MLBB Lipstick",
    "subtitle": "1 stk",
    "category": {
      "sub": "Leppestift, liner og gloss",
      "parent": "Sminke og skjønnhet"
    },
    "price": { "price": 162.9, "unitPrice": 162.9, "unit": "stk", "qty": 1 }
  },
  {
    "title": "Made for all Color Sensational Pink for me",
    "subtitle": "1 stk",
    "category": {
      "sub": "Leppestift, liner og gloss",
      "parent": "Sminke og skjønnhet"
    },
    "price": { "price": 152, "unitPrice": 152, "unit": "stk", "qty": 1 }
  },
  {
    "title": "Made for all Color Sensational Plum for me",
    "subtitle": "1 stk",
    "category": {
      "sub": "Leppestift, liner og gloss",
      "parent": "Sminke og skjønnhet"
    },
    "price": { "price": 152, "unitPrice": 152, "unit": "stk", "qty": 1 }
  },
  {
    "title": "Made for all Color Sensational Red for me",
    "subtitle": "1 stk",
    "category": {
      "sub": "Leppestift, liner og gloss",
      "parent": "Sminke og skjønnhet"
    },
    "price": { "price": 152, "unitPrice": 152, "unit": "stk", "qty": 1 }
  },
  {
    "title": "Made for all Color Sensational Ruby for me",
    "subtitle": "1 stk",
    "category": {
      "sub": "Leppestift, liner og gloss",
      "parent": "Sminke og skjønnhet"
    },
    "price": { "price": 152, "unitPrice": 152, "unit": "stk", "qty": 1 }
  },
  {
    "title": "True Match Ivory Rose 1R/1C Foundation",
    "subtitle": "1 stk",
    "category": {
      "sub": "Foundation og pudder",
      "parent": "Sminke og skjønnhet"
    },
    "price": { "price": 195.6, "unitPrice": 195.6, "unit": "stk", "qty": 1 }
  },
  {
    "title": "True Match Vanilla 2N Foundation",
    "subtitle": "1 stk",
    "category": {
      "sub": "Foundation og pudder",
      "parent": "Sminke og skjønnhet"
    },
    "price": { "price": 195.6, "unitPrice": 195.6, "unit": "stk", "qty": 1 }
  },
  {
    "title": "True Match Vanilla Rose 2R/2C Foundation",
    "subtitle": "1 stk",
    "category": {
      "sub": "Foundation og pudder",
      "parent": "Sminke og skjønnhet"
    },
    "price": { "price": 195.6, "unitPrice": 195.6, "unit": "stk", "qty": 1 }
  },
  {
    "title": "True Match Golden Beige 3D/3W Foundation",
    "subtitle": "1 stk",
    "category": {
      "sub": "Foundation og pudder",
      "parent": "Sminke og skjønnhet"
    },
    "price": { "price": 195.6, "unitPrice": 195.6, "unit": "stk", "qty": 1 }
  },
  {
    "title": "True Match Beige Creme 3N Foundation",
    "subtitle": "1 stk",
    "category": {
      "sub": "Foundation og pudder",
      "parent": "Sminke og skjønnhet"
    },
    "price": { "price": 195.6, "unitPrice": 195.6, "unit": "stk", "qty": 1 }
  },
  {
    "title": "True Match Beige Rose 3R/3C Foundation",
    "subtitle": "1 stk",
    "category": {
      "sub": "Foundation og pudder",
      "parent": "Sminke og skjønnhet"
    },
    "price": { "price": 195.6, "unitPrice": 195.6, "unit": "stk", "qty": 1 }
  },
  {
    "title": "True Match Sand Gold 5D/5W Foundation",
    "subtitle": "1 stk",
    "category": {
      "sub": "Foundation og pudder",
      "parent": "Sminke og skjønnhet"
    },
    "price": { "price": 195.6, "unitPrice": 195.6, "unit": "stk", "qty": 1 }
  },
  {
    "title": "True Match Sand 5N Foundation",
    "subtitle": "1 stk",
    "category": {
      "sub": "Foundation og pudder",
      "parent": "Sminke og skjønnhet"
    },
    "price": { "price": 195.6, "unitPrice": 195.6, "unit": "stk", "qty": 1 }
  },
  {
    "title": "True Match Amber Gold 7D/7W Foundation",
    "subtitle": "1 stk",
    "category": {
      "sub": "Foundation og pudder",
      "parent": "Sminke og skjønnhet"
    },
    "price": { "price": 195.6, "unitPrice": 195.6, "unit": "stk", "qty": 1 }
  },
  {
    "title": "True Match Ivory Gold 1D/1W Foundation",
    "subtitle": "1 stk",
    "category": {
      "sub": "Foundation og pudder",
      "parent": "Sminke og skjønnhet"
    },
    "price": { "price": 195.6, "unitPrice": 195.6, "unit": "stk", "qty": 1 }
  },
  {
    "title": "Instant Eraser 00 Ivory",
    "subtitle": "1 stk",
    "category": {
      "sub": "Foundation og pudder",
      "parent": "Sminke og skjønnhet"
    },
    "price": { "price": 141.1, "unitPrice": 141.1, "unit": "stk", "qty": 1 }
  },
  {
    "title": "Instant Eraser 01 Light",
    "subtitle": "1 stk",
    "category": {
      "sub": "Foundation og pudder",
      "parent": "Sminke og skjønnhet"
    },
    "price": { "price": 141.1, "unitPrice": 141.1, "unit": "stk", "qty": 1 }
  },
  {
    "title": "Instant Eraser 02 Nude",
    "subtitle": "1 stk",
    "category": {
      "sub": "Foundation og pudder",
      "parent": "Sminke og skjønnhet"
    },
    "price": { "price": 141.1, "unitPrice": 141.1, "unit": "stk", "qty": 1 }
  },
  {
    "title": "Instant Eraser 03 Fair",
    "subtitle": "1 stk",
    "category": {
      "sub": "Foundation og pudder",
      "parent": "Sminke og skjønnhet"
    },
    "price": { "price": 141.1, "unitPrice": 141.1, "unit": "stk", "qty": 1 }
  },
  {
    "title": "Instant Eraser 06 Neutralizer",
    "subtitle": "1 stk",
    "category": {
      "sub": "Foundation og pudder",
      "parent": "Sminke og skjønnhet"
    },
    "price": { "price": 129.1, "unitPrice": 129.1, "unit": "stk", "qty": 1 }
  },
  {
    "title": "Instant Anti Age Eraser Warm light",
    "subtitle": "1 stk",
    "category": {
      "sub": "Foundation og pudder",
      "parent": "Sminke og skjønnhet"
    },
    "price": { "price": 130.2, "unitPrice": 130.2, "unit": "stk", "qty": 1 }
  },
  {
    "title": "C’est Magique anti redness skin enhancer CC Cream",
    "subtitle": "1 stk",
    "category": {
      "sub": "Foundation og pudder",
      "parent": "Sminke og skjønnhet"
    },
    "price": { "price": 162.9, "unitPrice": 162.9, "unit": "stk", "qty": 1 }
  },
  {
    "title": "C’est Magique skin perfector BB cream Light",
    "subtitle": "1 stk",
    "category": {
      "sub": "Foundation og pudder",
      "parent": "Sminke og skjønnhet"
    },
    "price": { "price": 183.6, "unitPrice": 183.6, "unit": "stk", "qty": 1 }
  },
  {
    "title": "C’est Magique skin perfector BB cream Medium Light",
    "subtitle": "1 stk",
    "category": {
      "sub": "Foundation og pudder",
      "parent": "Sminke og skjønnhet"
    },
    "price": { "price": 183.6, "unitPrice": 183.6, "unit": "stk", "qty": 1 }
  },
  {
    "title": "Fit Me Concealer Fair",
    "subtitle": "1 stk",
    "category": {
      "sub": "Foundation og pudder",
      "parent": "Sminke og skjønnhet"
    },
    "price": { "price": 107, "unitPrice": 107, "unit": "stk", "qty": 1 }
  },
  {
    "title": "Fit Me Concealer Ivory",
    "subtitle": "1 stk",
    "category": {
      "sub": "Foundation og pudder",
      "parent": "Sminke og skjønnhet"
    },
    "price": { "price": 107, "unitPrice": 107, "unit": "stk", "qty": 1 }
  },
  {
    "title": "Fit Me Concealer Light",
    "subtitle": "1 stk",
    "category": {
      "sub": "Foundation og pudder",
      "parent": "Sminke og skjønnhet"
    },
    "price": { "price": 107, "unitPrice": 107, "unit": "stk", "qty": 1 }
  },
  {
    "title": "Fit Me Concealer Sand",
    "subtitle": "1 stk",
    "category": {
      "sub": "Foundation og pudder",
      "parent": "Sminke og skjønnhet"
    },
    "price": { "price": 107, "unitPrice": 107, "unit": "stk", "qty": 1 }
  },
  {
    "title": "Fit Me Matte & Poreless Classic Ivory Foundation",
    "subtitle": "1 stk",
    "category": {
      "sub": "Foundation og pudder",
      "parent": "Sminke og skjønnhet"
    },
    "price": { "price": 108.4, "unitPrice": 108.4, "unit": "stk", "qty": 1 }
  },
  {
    "title": "Fit Me Matte & Poreless Ivory Foundation",
    "subtitle": "1 stk",
    "category": {
      "sub": "Foundation og pudder",
      "parent": "Sminke og skjønnhet"
    },
    "price": { "price": 108.4, "unitPrice": 108.4, "unit": "stk", "qty": 1 }
  },
  {
    "title": "Fit Me Matte & Poreless Natural Beige Foundation",
    "subtitle": "1 stk",
    "category": {
      "sub": "Foundation og pudder",
      "parent": "Sminke og skjønnhet"
    },
    "price": { "price": 108.4, "unitPrice": 108.4, "unit": "stk", "qty": 1 }
  },
  {
    "title": "Fit Me Matte & Poreless Natural Ivory Foundation",
    "subtitle": "1 stk",
    "category": {
      "sub": "Foundation og pudder",
      "parent": "Sminke og skjønnhet"
    },
    "price": { "price": 108.4, "unitPrice": 108.4, "unit": "stk", "qty": 1 }
  },
  {
    "title": "Fit Me Matte & Poreless Porcelain Foundation",
    "subtitle": "1 stk",
    "category": {
      "sub": "Foundation og pudder",
      "parent": "Sminke og skjønnhet"
    },
    "price": { "price": 108.4, "unitPrice": 108.4, "unit": "stk", "qty": 1 }
  },
  {
    "title": "Fit Me Matte & Poreless Warm Ivory Foundation",
    "subtitle": "1 stk",
    "category": {
      "sub": "Foundation og pudder",
      "parent": "Sminke og skjønnhet"
    },
    "price": { "price": 108.4, "unitPrice": 108.4, "unit": "stk", "qty": 1 }
  },
  {
    "title": "Fit Me Matte & Poreless Ivory Powder",
    "subtitle": "1 stk",
    "category": {
      "sub": "Foundation og pudder",
      "parent": "Sminke og skjønnhet"
    },
    "price": { "price": 108.4, "unitPrice": 108.4, "unit": "stk", "qty": 1 }
  },
  {
    "title": "Fit Me Matte & Poreless Natural Ivory Powder",
    "subtitle": "1 stk",
    "category": {
      "sub": "Foundation og pudder",
      "parent": "Sminke og skjønnhet"
    },
    "price": { "price": 108.4, "unitPrice": 108.4, "unit": "stk", "qty": 1 }
  },
  {
    "title": "Fit Me Matte & Poreless Porcelain Powder",
    "subtitle": "1 stk",
    "category": {
      "sub": "Foundation og pudder",
      "parent": "Sminke og skjønnhet"
    },
    "price": { "price": 108.4, "unitPrice": 108.4, "unit": "stk", "qty": 1 }
  },
  {
    "title": "Fit Me Matte & Poreless Transparent Powder",
    "subtitle": "1 stk",
    "category": {
      "sub": "Foundation og pudder",
      "parent": "Sminke og skjønnhet"
    },
    "price": { "price": 108.4, "unitPrice": 108.4, "unit": "stk", "qty": 1 }
  },
  {
    "title": "Infallible Primer Anti redness",
    "subtitle": "1 stk",
    "category": {
      "sub": "Foundation og pudder",
      "parent": "Sminke og skjønnhet"
    },
    "price": { "price": 162.9, "unitPrice": 162.9, "unit": "stk", "qty": 1 }
  },
  {
    "title": "Infallible Primer Mattifying",
    "subtitle": "1 stk",
    "category": {
      "sub": "Foundation og pudder",
      "parent": "Sminke og skjønnhet"
    },
    "price": { "price": 162.9, "unitPrice": 162.9, "unit": "stk", "qty": 1 }
  },
  {
    "title": "Infallible Primer Pore Refining",
    "subtitle": "1 stk",
    "category": {
      "sub": "Foundation og pudder",
      "parent": "Sminke og skjønnhet"
    },
    "price": { "price": 162.9, "unitPrice": 162.9, "unit": "stk", "qty": 1 }
  },
  {
    "title": "Back to Bronze Sunkiss",
    "subtitle": "1 stk",
    "category": {
      "sub": "Foundation og pudder",
      "parent": "Sminke og skjønnhet"
    },
    "price": { "price": 158.5, "unitPrice": 158.5, "unit": "stk", "qty": 1 }
  },
  {
    "title": "Life’s a Peach Pudderblush",
    "subtitle": "1 stk",
    "category": {
      "sub": "Foundation og pudder",
      "parent": "Sminke og skjønnhet"
    },
    "price": { "price": 173.8, "unitPrice": 173.8, "unit": "stk", "qty": 1 }
  },
  {
    "title": "True Match Concealer Beige",
    "subtitle": "1 stk",
    "category": {
      "sub": "Foundation og pudder",
      "parent": "Sminke og skjønnhet"
    },
    "price": { "price": 130.2, "unitPrice": 130.2, "unit": "stk", "qty": 1 }
  },
  {
    "title": "True Match Concealer Creamy Beige",
    "subtitle": "1 stk",
    "category": {
      "sub": "Foundation og pudder",
      "parent": "Sminke og skjønnhet"
    },
    "price": { "price": 130.2, "unitPrice": 130.2, "unit": "stk", "qty": 1 }
  },
  {
    "title": "True Match Concealer Ivory",
    "subtitle": "1 stk",
    "category": {
      "sub": "Foundation og pudder",
      "parent": "Sminke og skjønnhet"
    },
    "price": { "price": 130.2, "unitPrice": 130.2, "unit": "stk", "qty": 1 }
  },
  {
    "title": "True Match Concealer Rose Vanilla",
    "subtitle": "1 stk",
    "category": {
      "sub": "Foundation og pudder",
      "parent": "Sminke og skjønnhet"
    },
    "price": { "price": 130.2, "unitPrice": 130.2, "unit": "stk", "qty": 1 }
  },
  {
    "title": "True Match Powder Golden Beige",
    "subtitle": "1 stk",
    "category": {
      "sub": "Foundation og pudder",
      "parent": "Sminke og skjønnhet"
    },
    "price": { "price": 173.8, "unitPrice": 173.8, "unit": "stk", "qty": 1 }
  },
  {
    "title": "True Match Powder Golden Sand",
    "subtitle": "1 stk",
    "category": {
      "sub": "Foundation og pudder",
      "parent": "Sminke og skjønnhet"
    },
    "price": { "price": 173.8, "unitPrice": 173.8, "unit": "stk", "qty": 1 }
  },
  {
    "title": "True Match Powder Rose Beige",
    "subtitle": "1 stk",
    "category": {
      "sub": "Foundation og pudder",
      "parent": "Sminke og skjønnhet"
    },
    "price": { "price": 173.8, "unitPrice": 173.8, "unit": "stk", "qty": 1 }
  },
  {
    "title": "True Match Powder Rose Ivory",
    "subtitle": "1 stk",
    "category": {
      "sub": "Foundation og pudder",
      "parent": "Sminke og skjønnhet"
    },
    "price": { "price": 173.8, "unitPrice": 173.8, "unit": "stk", "qty": 1 }
  },
  {
    "title": "True Match Powder Vanilla",
    "subtitle": "1 stk",
    "category": {
      "sub": "Foundation og pudder",
      "parent": "Sminke og skjønnhet"
    },
    "price": { "price": 173.8, "unitPrice": 173.8, "unit": "stk", "qty": 1 }
  },
  {
    "title": "Micellar Milky Water",
    "subtitle": "1 stk",
    "category": { "sub": "Rens og bomull", "parent": "Sminke og skjønnhet" },
    "price": { "price": 65.2, "unitPrice": 65.2, "unit": "stk", "qty": 1 }
  },
  {
    "title": "Micellar water 100ml",
    "subtitle": "1 stk",
    "category": { "sub": "Rens og bomull", "parent": "Sminke og skjønnhet" },
    "price": { "price": 38.3, "unitPrice": 38.3, "unit": "stk", "qty": 1 }
  },
  {
    "title": "Micellar Cleansing Water",
    "subtitle": "400 ml",
    "category": { "sub": "Rens og bomull", "parent": "Sminke og skjønnhet" },
    "price": { "price": 64, "unitPrice": 160, "unit": "l", "qty": 0.4 }
  },
  {
    "title": "Bomull",
    "subtitle": "100 g",
    "category": { "sub": "Rens og bomull", "parent": "Sminke og skjønnhet" },
    "price": { "price": 12.6, "unitPrice": 126, "unit": "kg", "qty": 0.1 }
  },
  {
    "title": "Bomullspads",
    "subtitle": "80 stk",
    "category": { "sub": "Rens og bomull", "parent": "Sminke og skjønnhet" },
    "price": { "price": 11.8, "unitPrice": 0.15, "unit": "stk", "qty": 78.67 }
  },
  {
    "title": "Pure Active 3in1 Intensive Charcoal",
    "subtitle": "1 stk",
    "category": { "sub": "Rens og bomull", "parent": "Sminke og skjønnhet" },
    "price": { "price": 99.2, "unitPrice": 99.2, "unit": "stk", "qty": 1 }
  },
  {
    "title": "Pure Active Ansiktsrens 3in1",
    "subtitle": "Skin Naturals, 150 ml",
    "category": { "sub": "Rens og bomull", "parent": "Sminke og skjønnhet" },
    "price": { "price": 55.8, "unitPrice": 372, "unit": "l", "qty": 0.15 }
  },
  {
    "title": "Eye & Lip Express",
    "subtitle": "Vannfast Sminkefjerner, 125 ml",
    "category": { "sub": "Rens og bomull", "parent": "Sminke og skjønnhet" },
    "price": { "price": 51.5, "unitPrice": 412, "unit": "l", "qty": 0.13 }
  },
  {
    "title": "Bomullspinner",
    "subtitle": "Med Papirpinne, 300 stk",
    "category": { "sub": "Rens og bomull", "parent": "Sminke og skjønnhet" },
    "price": { "price": 14.4, "unitPrice": 0.05, "unit": "stk", "qty": 288 }
  },
  {
    "title": "Bomullspinner Baby",
    "subtitle": "72 stk",
    "category": { "sub": "Rens og bomull", "parent": "Sminke og skjønnhet" },
    "price": { "price": 22.5, "unitPrice": 0.31, "unit": "stk", "qty": 72.58 }
  },
  {
    "title": "Q-tips",
    "subtitle": "206 stk",
    "category": { "sub": "Rens og bomull", "parent": "Sminke og skjønnhet" },
    "price": { "price": 22.9, "unitPrice": 0.11, "unit": "stk", "qty": 208.18 }
  },
  {
    "title": "Renseservietter",
    "subtitle": "Kind to Skin, 25 stk",
    "category": { "sub": "Rens og bomull", "parent": "Sminke og skjønnhet" },
    "price": { "price": 32.2, "unitPrice": 1.29, "unit": "stk", "qty": 24.96 }
  },
  {
    "title": "Biodegradable Wipes",
    "subtitle": "20 stk",
    "category": { "sub": "Rens og bomull", "parent": "Sminke og skjønnhet" },
    "price": { "price": 47.6, "unitPrice": 2.38, "unit": "stk", "qty": 20 }
  },
  {
    "title": "Makeup Remover Wipes",
    "subtitle": "25 stk",
    "category": { "sub": "Rens og bomull", "parent": "Sminke og skjønnhet" },
    "price": { "price": 46.6, "unitPrice": 1.86, "unit": "stk", "qty": 25.05 }
  },
  {
    "title": "Ansiktsservietter",
    "subtitle": "25 stk",
    "category": { "sub": "Rens og bomull", "parent": "Sminke og skjønnhet" },
    "price": { "price": 8.9, "unitPrice": 0.36, "unit": "stk", "qty": 24.72 }
  },
  {
    "title": "Ansiktsservietter",
    "subtitle": "20 stk",
    "category": { "sub": "Rens og bomull", "parent": "Sminke og skjønnhet" },
    "price": { "price": 35.6, "unitPrice": 1.78, "unit": "stk", "qty": 20 }
  },
  {
    "title": "Cleansing Wipes Sensitive Face",
    "subtitle": "25 stk",
    "category": { "sub": "Rens og bomull", "parent": "Sminke og skjønnhet" },
    "price": { "price": 27.9, "unitPrice": 1.12, "unit": "stk", "qty": 24.91 }
  },
  {
    "title": "Konjac Sponge Cleanser Garnier Bio",
    "subtitle": "1 stk",
    "category": { "sub": "Rens og bomull", "parent": "Sminke og skjønnhet" },
    "price": { "price": 97.4, "unitPrice": 97.4, "unit": "stk", "qty": 1 }
  },
  {
    "title": "Face Wash",
    "subtitle": "150 ml",
    "category": { "sub": "Rens og bomull", "parent": "Sminke og skjønnhet" },
    "price": { "price": 80.9, "unitPrice": 539.33, "unit": "l", "qty": 0.15 }
  },
  {
    "title": "Lemongrass Purifying Gel Wash",
    "subtitle": "Cleanser, 150 ml",
    "category": { "sub": "Rens og bomull", "parent": "Sminke og skjønnhet" },
    "price": { "price": 81.7, "unitPrice": 544.67, "unit": "l", "qty": 0.15 }
  },
  {
    "title": "Refresh and Hydrate Face Cleansing Gel",
    "subtitle": "125 ml",
    "category": { "sub": "Rens og bomull", "parent": "Sminke og skjønnhet" },
    "price": { "price": 76.9, "unitPrice": 615.2, "unit": "l", "qty": 0.13 }
  },
  {
    "title": "Ansiktsservietter",
    "subtitle": "150 stk",
    "category": { "sub": "Rens og bomull", "parent": "Sminke og skjønnhet" },
    "price": { "price": 17.3, "unitPrice": 0.12, "unit": "stk", "qty": 144.17 }
  },
  {
    "title": "Fresh Intimservietter",
    "subtitle": "10 stk",
    "category": { "sub": "Rens og bomull", "parent": "Sminke og skjønnhet" },
    "price": { "price": 27.8, "unitPrice": 2.78, "unit": "stk", "qty": 10 }
  },
  {
    "title": "Libresse V-care Intimservietter",
    "subtitle": "12 stk",
    "category": { "sub": "Rens og bomull", "parent": "Sminke og skjønnhet" },
    "price": { "price": 13.8, "unitPrice": 1.15, "unit": "stk", "qty": 12 }
  },
  {
    "title": "Zendium Tannkrem Fresh+ White",
    "subtitle": "75 ml",
    "category": { "sub": "Tannpleie", "parent": "Hygieneartikler" },
    "price": { "price": 29, "unitPrice": 386.67, "unit": "l", "qty": 0.07 }
  },
  {
    "title": "Zendium Classic",
    "subtitle": "75 ml",
    "category": { "sub": "Tannpleie", "parent": "Hygieneartikler" },
    "price": { "price": 38.4, "unitPrice": 512, "unit": "l", "qty": 0.07 }
  },
  {
    "title": "Zendium Kids Tannkrem",
    "subtitle": "0-3 år, 50 ml",
    "category": { "sub": "Tannpleie", "parent": "Hygieneartikler" },
    "price": { "price": 27.8, "unitPrice": 556, "unit": "l", "qty": 0.05 }
  },
  {
    "title": "Zendium Junior",
    "subtitle": "5+ år, 50 ml",
    "category": { "sub": "Tannpleie", "parent": "Hygieneartikler" },
    "price": { "price": 26.7, "unitPrice": 534, "unit": "l", "qty": 0.05 }
  },
  {
    "title": "Zendium Classic Munnskyll",
    "subtitle": "500 ml",
    "category": { "sub": "Tannpleie", "parent": "Hygieneartikler" },
    "price": { "price": 65.3, "unitPrice": 130.6, "unit": "l", "qty": 0.5 }
  },
  {
    "title": "Tannbørste 0-5 år",
    "subtitle": "assortert variant, 1 stk",
    "category": { "sub": "Tannpleie", "parent": "Hygieneartikler" },
    "price": { "price": 36.5, "unitPrice": 36.5, "unit": "stk", "qty": 1 }
  },
  {
    "title": "Barnetannkrem",
    "subtitle": "Assortert design og smak, 0-6 år, 50 ml",
    "category": { "sub": "Tannpleie", "parent": "Hygieneartikler" },
    "price": { "price": 24.5, "unitPrice": 490, "unit": "l", "qty": 0.05 }
  },
  {
    "title": "Junior Tannkrem",
    "subtitle": "Fra 6 -12 år, 50 ml",
    "category": { "sub": "Tannpleie", "parent": "Hygieneartikler" },
    "price": { "price": 31.3, "unitPrice": 626, "unit": "l", "qty": 0.05 }
  },
  {
    "title": "Solidox Hvite Tenner",
    "subtitle": "75 ml",
    "category": { "sub": "Tannpleie", "parent": "Hygieneartikler" },
    "price": { "price": 33.3, "unitPrice": 444, "unit": "l", "qty": 0.07 }
  },
  {
    "title": "Tannkrem Totalbeskyttelse",
    "subtitle": "75 ml",
    "category": { "sub": "Tannpleie", "parent": "Hygieneartikler" },
    "price": { "price": 33.3, "unitPrice": 444, "unit": "l", "qty": 0.07 }
  },
  {
    "title": "Frisk Pust",
    "subtitle": "75 ml",
    "category": { "sub": "Tannpleie", "parent": "Hygieneartikler" },
    "price": { "price": 33.3, "unitPrice": 444, "unit": "l", "qty": 0.07 }
  },
  {
    "title": "Tannbørste Refil",
    "subtitle": "Precision Clean Head Refills, 2 stk",
    "category": { "sub": "Tannpleie", "parent": "Hygieneartikler" },
    "price": { "price": 129, "unitPrice": 64.5, "unit": "stk", "qty": 2 }
  },
  {
    "title": "Solidox Sterke Tenner",
    "subtitle": "75 ml",
    "category": { "sub": "Tannpleie", "parent": "Hygieneartikler" },
    "price": { "price": 26.1, "unitPrice": 348, "unit": "l", "qty": 0.07 }
  },
  {
    "title": "Sensodyne Repair & Protect Whitening",
    "subtitle": "Mot ising, 75 ml",
    "category": { "sub": "Tannpleie", "parent": "Hygieneartikler" },
    "price": { "price": 37.6, "unitPrice": 501.33, "unit": "l", "qty": 0.08 }
  },
  {
    "title": "Sensodyne Gentle Whitening",
    "subtitle": "75 ml",
    "category": { "sub": "Tannpleie", "parent": "Hygieneartikler" },
    "price": { "price": 32.2, "unitPrice": 429.33, "unit": "l", "qty": 0.08 }
  },
  {
    "title": "Sensodyne Original",
    "subtitle": "75 ml",
    "category": { "sub": "Tannpleie", "parent": "Hygieneartikler" },
    "price": { "price": 32.2, "unitPrice": 429.33, "unit": "l", "qty": 0.08 }
  },
  {
    "title": "Tannkrem Max Fresh",
    "subtitle": "Cooling Crystals, 75 ml",
    "category": { "sub": "Tannpleie", "parent": "Hygieneartikler" },
    "price": { "price": 29.7, "unitPrice": 396, "unit": "l", "qty": 0.07 }
  },
  {
    "title": "Colgate Total Original",
    "subtitle": "Whitening Mix, 75 ml",
    "category": { "sub": "Tannpleie", "parent": "Hygieneartikler" },
    "price": { "price": 32.8, "unitPrice": 437.33, "unit": "l", "qty": 0.08 }
  },
  {
    "title": "Tannkrem Sens White",
    "subtitle": "75 ml",
    "category": { "sub": "Tannpleie", "parent": "Hygieneartikler" },
    "price": { "price": 28.6, "unitPrice": 381.33, "unit": "l", "qty": 0.08 }
  },
  {
    "title": "Tannkrem Karies Kontroll",
    "subtitle": "75 ml",
    "category": { "sub": "Tannpleie", "parent": "Hygieneartikler" },
    "price": { "price": 17.4, "unitPrice": 232, "unit": "l", "qty": 0.07 }
  },
  {
    "title": "Tannkrem Mint",
    "subtitle": "75 ml",
    "category": { "sub": "Tannpleie", "parent": "Hygieneartikler" },
    "price": { "price": 9.7, "unitPrice": 129.33, "unit": "l", "qty": 0.08 }
  },
  {
    "title": "Jordan Tannbørste",
    "subtitle": "0-2 år, Assortert Farge, 1 stk",
    "category": { "sub": "Tannpleie", "parent": "Hygieneartikler" },
    "price": { "price": 37.6, "unitPrice": 37.6, "unit": "stk", "qty": 1 }
  },
  {
    "title": "Tannbørste",
    "subtitle": "3-5 År, Assortert farge, 1 stk",
    "category": { "sub": "Tannpleie", "parent": "Hygieneartikler" },
    "price": { "price": 36.4, "unitPrice": 36.4, "unit": "stk", "qty": 1 }
  },
  {
    "title": "Tannbørste",
    "subtitle": "6-9 år, Assortert Farge, 1 stk",
    "category": { "sub": "Tannpleie", "parent": "Hygieneartikler" },
    "price": { "price": 37.5, "unitPrice": 37.5, "unit": "stk", "qty": 1 }
  },
  {
    "title": "Tannbørste Individual Precision",
    "subtitle": "Soft, Assortert Design, 1 stk",
    "category": { "sub": "Tannpleie", "parent": "Hygieneartikler" },
    "price": { "price": 38.4, "unitPrice": 38.4, "unit": "stk", "qty": 1 }
  },
  {
    "title": "Tannbørste Individual Precision",
    "subtitle": "Medium, Assortert Design, 1 stk",
    "category": { "sub": "Tannpleie", "parent": "Hygieneartikler" },
    "price": { "price": 38.1, "unitPrice": 38.1, "unit": "stk", "qty": 1 }
  },
  {
    "title": "Tannbørste Individual Clean",
    "subtitle": "Medium, Assortert Design, 1 stk",
    "category": { "sub": "Tannpleie", "parent": "Hygieneartikler" },
    "price": { "price": 36.6, "unitPrice": 36.6, "unit": "stk", "qty": 1 }
  },
  {
    "title": "Tannbørste Ultimate You Soft",
    "subtitle": "Assortert Variant, 1 stk",
    "category": { "sub": "Tannpleie", "parent": "Hygieneartikler" },
    "price": { "price": 37.8, "unitPrice": 37.8, "unit": "stk", "qty": 1 }
  },
  {
    "title": "Tannbørste Clean Between",
    "subtitle": "Soft Flosser, Assortert Design, 1 stk",
    "category": { "sub": "Tannpleie", "parent": "Hygieneartikler" },
    "price": { "price": 26.8, "unitPrice": 26.8, "unit": "stk", "qty": 1 }
  },
  {
    "title": "Jordan TB Expert Clean",
    "subtitle": "Medium, 1 stk",
    "category": { "sub": "Tannpleie", "parent": "Hygieneartikler" },
    "price": { "price": 42.6, "unitPrice": 42.6, "unit": "stk", "qty": 1 }
  },
  {
    "title": "Tannbørste Target Medium",
    "subtitle": "1 stk",
    "category": { "sub": "Tannpleie", "parent": "Hygieneartikler" },
    "price": { "price": 31.2, "unitPrice": 31.2, "unit": "stk", "qty": 1 }
  },
  {
    "title": "Jordan Tannbørste Green Clean",
    "subtitle": "Soft, 1 stk",
    "category": { "sub": "Tannpleie", "parent": "Hygieneartikler" },
    "price": { "price": 44, "unitPrice": 44, "unit": "stk", "qty": 1 }
  },
  {
    "title": "Tannbørste Green Clean",
    "subtitle": "Medium, 1 stk",
    "category": { "sub": "Tannpleie", "parent": "Hygieneartikler" },
    "price": { "price": 44, "unitPrice": 44, "unit": "stk", "qty": 1 }
  },
  {
    "title": "Green Clean Flosser",
    "subtitle": "1 + 5 refill, 1 stk",
    "category": { "sub": "Tannpleie", "parent": "Hygieneartikler" },
    "price": { "price": 60.1, "unitPrice": 60.1, "unit": "stk", "qty": 1 }
  },
  {
    "title": "Tannbørste Medium Blå",
    "subtitle": "Voksen ,100% Nedbrytbar, 1 stk",
    "category": { "sub": "Tannpleie", "parent": "Hygieneartikler" },
    "price": { "price": 38.8, "unitPrice": 38.8, "unit": "stk", "qty": 1 }
  },
  {
    "title": "Tannbørster",
    "subtitle": "Medium, 3 stk",
    "category": { "sub": "Tannpleie", "parent": "Hygieneartikler" },
    "price": { "price": 11.3, "unitPrice": 3.77, "unit": "stk", "qty": 3 }
  },
  {
    "title": "Fluortablett Mix",
    "subtitle": "Assorterte smaker, 150 stk",
    "category": { "sub": "Tannpleie", "parent": "Hygieneartikler" },
    "price": { "price": 60.3, "unitPrice": 0.4, "unit": "stk", "qty": 150.75 }
  },
  {
    "title": "Easy Clean Flosser Refill",
    "subtitle": "20 stk",
    "category": { "sub": "Tannpleie", "parent": "Hygieneartikler" },
    "price": { "price": 48.4, "unitPrice": 2.42, "unit": "stk", "qty": 20 }
  },
  {
    "title": "Jordan Flosser 3-in-1",
    "subtitle": "Med smak, 36 stk",
    "category": { "sub": "Tannpleie", "parent": "Hygieneartikler" },
    "price": { "price": 52.3, "unitPrice": 1.45, "unit": "stk", "qty": 36.07 }
  },
  {
    "title": "Kids Flosser Kit",
    "subtitle": "1 stk",
    "category": { "sub": "Tannpleie", "parent": "Hygieneartikler" },
    "price": { "price": 53.1, "unitPrice": 1.48, "unit": "bruk", "qty": 35.88 }
  },
  {
    "title": "Clean Between",
    "subtitle": "Tannstikkere, 20 stk",
    "category": { "sub": "Tannpleie", "parent": "Hygieneartikler" },
    "price": { "price": 40, "unitPrice": 2, "unit": "stk", "qty": 20 }
  },
  {
    "title": "Tannstikker Dobbeltspisset",
    "subtitle": "100 stk",
    "category": { "sub": "Tannpleie", "parent": "Hygieneartikler" },
    "price": { "price": 30.6, "unitPrice": 0.31, "unit": "stk", "qty": 98.71 }
  },
  {
    "title": "Tannstikkere Bordpakning",
    "subtitle": "125 stk",
    "category": { "sub": "Tannpleie", "parent": "Hygieneartikler" },
    "price": { "price": 33.4, "unitPrice": 0.27, "unit": "stk", "qty": 123.7 }
  },
  {
    "title": "Tanntråd Easyslide",
    "subtitle": "1 stk",
    "category": { "sub": "Tannpleie", "parent": "Hygieneartikler" },
    "price": { "price": 49.8, "unitPrice": 49.8, "unit": "stk", "qty": 1 }
  },
  {
    "title": "Tanntråd Expand Fresh",
    "subtitle": "25 m",
    "category": { "sub": "Tannpleie", "parent": "Hygieneartikler" },
    "price": { "price": 48.1, "unitPrice": 1.92, "unit": "m", "qty": 25.05 }
  },
  {
    "title": "Tanntråd Dentotape Slim",
    "subtitle": "50 m",
    "category": { "sub": "Tannpleie", "parent": "Hygieneartikler" },
    "price": { "price": 34.5, "unitPrice": 0.69, "unit": "m", "qty": 50 }
  },
  {
    "title": "Listerine Fluoride",
    "subtitle": "0,5 l",
    "category": { "sub": "Tannpleie", "parent": "Hygieneartikler" },
    "price": { "price": 59.8, "unitPrice": 119.6, "unit": "l", "qty": 0.5 }
  },
  {
    "title": "Listerine Total Care",
    "subtitle": "500 ml",
    "category": { "sub": "Tannpleie", "parent": "Hygieneartikler" },
    "price": { "price": 35.8, "unitPrice": 71.6, "unit": "l", "qty": 0.5 }
  },
  {
    "title": "Munnskyll Plax Blå",
    "subtitle": "Cool Mint, 0,5 l",
    "category": { "sub": "Tannpleie", "parent": "Hygieneartikler" },
    "price": { "price": 47.7, "unitPrice": 95.4, "unit": "l", "qty": 0.5 }
  },
  {
    "title": "Vademecum Munnvann Original",
    "subtitle": "75 ml",
    "category": { "sub": "Tannpleie", "parent": "Hygieneartikler" },
    "price": { "price": 67.6, "unitPrice": 901.33, "unit": "l", "qty": 0.08 }
  },
  {
    "title": "Reisetannbørste",
    "subtitle": "Med veske og tannkrem, 1 stk",
    "category": { "sub": "Tannpleie", "parent": "Hygieneartikler" },
    "price": { "price": 29.9, "unitPrice": 29.9, "unit": "stk", "qty": 1 }
  },
  {
    "title": "Neutral Deo Roll-on",
    "subtitle": "Uten Parfyme, Anti Marks, 50 ml",
    "category": { "sub": "Deodorant", "parent": "Hygieneartikler" },
    "price": { "price": 45.3, "unitPrice": 906, "unit": "l", "qty": 0.05 }
  },
  {
    "title": "Roll-on Aloe Vera",
    "subtitle": "50 ml",
    "category": { "sub": "Deodorant", "parent": "Hygieneartikler" },
    "price": { "price": 47.9, "unitPrice": 958, "unit": "l", "qty": 0.05 }
  },
  {
    "title": "Blooming Freesia Deo",
    "subtitle": "50 ml",
    "category": { "sub": "Deodorant", "parent": "Hygieneartikler" },
    "price": { "price": 45.6, "unitPrice": 912, "unit": "l", "qty": 0.05 }
  },
  {
    "title": "Lilly Blossom Roll-On",
    "subtitle": "50 ml",
    "category": { "sub": "Deodorant", "parent": "Hygieneartikler" },
    "price": { "price": 48.5, "unitPrice": 970, "unit": "l", "qty": 0.05 }
  },
  {
    "title": "Coconut Care Deo 50ml",
    "subtitle": "50 ml",
    "category": { "sub": "Deodorant", "parent": "Hygieneartikler" },
    "price": { "price": 23.7, "unitPrice": 474, "unit": "l", "qty": 0.05 }
  },
  {
    "title": "Bright Blossom Deo",
    "subtitle": "50 ml",
    "category": { "sub": "Deodorant", "parent": "Hygieneartikler" },
    "price": { "price": 23.7, "unitPrice": 474, "unit": "l", "qty": 0.05 }
  },
  {
    "title": "Go Fresh Stick",
    "subtitle": "40 ml",
    "category": { "sub": "Deodorant", "parent": "Hygieneartikler" },
    "price": { "price": 36.6, "unitPrice": 915, "unit": "l", "qty": 0.04 }
  },
  {
    "title": "Talc Soft Roll On",
    "subtitle": "50 ml",
    "category": { "sub": "Deodorant", "parent": "Hygieneartikler" },
    "price": { "price": 21.2, "unitPrice": 424, "unit": "l", "qty": 0.05 }
  },
  {
    "title": "Go Fresh Roll-On",
    "subtitle": "50 ml",
    "category": { "sub": "Deodorant", "parent": "Hygieneartikler" },
    "price": { "price": 44.2, "unitPrice": 884, "unit": "l", "qty": 0.05 }
  },
  {
    "title": "Dove Original Roll On",
    "subtitle": "50 ml",
    "category": { "sub": "Deodorant", "parent": "Hygieneartikler" },
    "price": { "price": 19.6, "unitPrice": 392, "unit": "l", "qty": 0.05 }
  },
  {
    "title": "Roll-On Refreshing",
    "subtitle": "50 ml",
    "category": { "sub": "Deodorant", "parent": "Hygieneartikler" },
    "price": { "price": 54.4, "unitPrice": 1088, "unit": "l", "qty": 0.05 }
  },
  {
    "title": "Roll-On Pampering",
    "subtitle": "50 ml",
    "category": { "sub": "Deodorant", "parent": "Hygieneartikler" },
    "price": { "price": 54.4, "unitPrice": 1088, "unit": "l", "qty": 0.05 }
  },
  {
    "title": "Black & White Silky Smooth",
    "subtitle": "Roll-on, 50 ml",
    "category": { "sub": "Deodorant", "parent": "Hygieneartikler" },
    "price": { "price": 36.8, "unitPrice": 736, "unit": "l", "qty": 0.05 }
  },
  {
    "title": "Deo Dry Comfort",
    "subtitle": "Roll-on, 50 ml",
    "category": { "sub": "Deodorant", "parent": "Hygieneartikler" },
    "price": { "price": 23.8, "unitPrice": 476, "unit": "l", "qty": 0.05 }
  },
  {
    "title": "Pleiende Deodorant",
    "subtitle": "50 ml",
    "category": { "sub": "Deodorant", "parent": "Hygieneartikler" },
    "price": { "price": 34.6, "unitPrice": 692, "unit": "l", "qty": 0.05 }
  },
  {
    "title": "Roll-on Sport Fresh",
    "subtitle": "50 ml",
    "category": { "sub": "Deodorant", "parent": "Hygieneartikler" },
    "price": { "price": 46.1, "unitPrice": 922, "unit": "l", "qty": 0.05 }
  },
  {
    "title": "Power Dry Roll-On",
    "subtitle": "50 ml",
    "category": { "sub": "Deodorant", "parent": "Hygieneartikler" },
    "price": { "price": 45.6, "unitPrice": 912, "unit": "l", "qty": 0.05 }
  },
  {
    "title": "Dry Impact Deo",
    "subtitle": "Rollon, 50 ml",
    "category": { "sub": "Deodorant", "parent": "Hygieneartikler" },
    "price": { "price": 28.5, "unitPrice": 570, "unit": "l", "qty": 0.05 }
  },
  {
    "title": "Black & White Fresh Rollon",
    "subtitle": "50 ml",
    "category": { "sub": "Deodorant", "parent": "Hygieneartikler" },
    "price": { "price": 42.4, "unitPrice": 848, "unit": "l", "qty": 0.05 }
  },
  {
    "title": "Men Expert Thermic Resist Deodorant Roll-on",
    "subtitle": "50 ml",
    "category": { "sub": "Deodorant", "parent": "Hygieneartikler" },
    "price": { "price": 38.9, "unitPrice": 778, "unit": "l", "qty": 0.05 }
  },
  {
    "title": "Men Expert Deo Roll-on Invincible Sport",
    "subtitle": "50 ml",
    "category": { "sub": "Deodorant", "parent": "Hygieneartikler" },
    "price": { "price": 40.6, "unitPrice": 812, "unit": "l", "qty": 0.05 }
  },
  {
    "title": "Black Deospray",
    "subtitle": "150 ml",
    "category": { "sub": "Deodorant", "parent": "Hygieneartikler" },
    "price": { "price": 55, "unitPrice": 366.67, "unit": "l", "qty": 0.15 }
  },
  {
    "title": "Deo Unisex",
    "subtitle": "50 ml",
    "category": { "sub": "Deodorant", "parent": "Hygieneartikler" },
    "price": { "price": 13.2, "unitPrice": 264, "unit": "l", "qty": 0.05 }
  },
  {
    "title": "Truseinnlegg Normal",
    "subtitle": "60 stk",
    "category": { "sub": "Bind og tamponger", "parent": "Hygieneartikler" },
    "price": { "price": 50.2, "unitPrice": 0.84, "unit": "stk", "qty": 59.76 }
  },
  {
    "title": "Bind Ultra Normal+",
    "subtitle": "26 stk",
    "category": { "sub": "Bind og tamponger", "parent": "Hygieneartikler" },
    "price": { "price": 37.4, "unitPrice": 1.44, "unit": "stk", "qty": 25.97 }
  },
  {
    "title": "Bind Ultra Long+ Med Vinger",
    "subtitle": "12 stk",
    "category": { "sub": "Bind og tamponger", "parent": "Hygieneartikler" },
    "price": { "price": 19.6, "unitPrice": 1.63, "unit": "stk", "qty": 12.02 }
  },
  {
    "title": "Bind Ultra Night",
    "subtitle": "18 stk",
    "category": { "sub": "Bind og tamponger", "parent": "Hygieneartikler" },
    "price": { "price": 34.4, "unitPrice": 1.91, "unit": "stk", "qty": 18.01 }
  },
  {
    "title": "Always Bind Secure Night",
    "subtitle": "16 stk",
    "category": { "sub": "Bind og tamponger", "parent": "Hygieneartikler" },
    "price": { "price": 43.6, "unitPrice": 2.73, "unit": "stk", "qty": 15.97 }
  },
  {
    "title": "Truseinnlegg Normal",
    "subtitle": "2pk, 60 stk",
    "category": { "sub": "Bind og tamponger", "parent": "Hygieneartikler" },
    "price": { "price": 47.6, "unitPrice": 0.79, "unit": "stk", "qty": 60.25 }
  },
  {
    "title": "Truseinnlegg So Slim",
    "subtitle": "30 stk",
    "category": { "sub": "Bind og tamponger", "parent": "Hygieneartikler" },
    "price": { "price": 32.4, "unitPrice": 1.08, "unit": "stk", "qty": 30 }
  },
  {
    "title": "Libresse Truseinnlegg X-tra Long",
    "subtitle": "20 stk",
    "category": { "sub": "Bind og tamponger", "parent": "Hygieneartikler" },
    "price": { "price": 36.6, "unitPrice": 1.83, "unit": "stk", "qty": 20 }
  },
  {
    "title": "Truseinnlegg Classic",
    "subtitle": "50 stk",
    "category": { "sub": "Bind og tamponger", "parent": "Hygieneartikler" },
    "price": { "price": 38.8, "unitPrice": 0.78, "unit": "stk", "qty": 49.74 }
  },
  {
    "title": "Bind Normal Wing",
    "subtitle": "2pk, 28 stk",
    "category": { "sub": "Bind og tamponger", "parent": "Hygieneartikler" },
    "price": { "price": 44.5, "unitPrice": 1.59, "unit": "stk", "qty": 27.99 }
  },
  {
    "title": "Normal Wing Bind",
    "subtitle": "14 stk",
    "category": { "sub": "Bind og tamponger", "parent": "Hygieneartikler" },
    "price": { "price": 32.8, "unitPrice": 2.34, "unit": "stk", "qty": 14.02 }
  },
  {
    "title": "Bind Invisible Clip Normal",
    "subtitle": "14 stk",
    "category": { "sub": "Bind og tamponger", "parent": "Hygieneartikler" },
    "price": { "price": 24, "unitPrice": 1.71, "unit": "stk", "qty": 14.04 }
  },
  {
    "title": "Libresse Maxi Goodnight Bind",
    "subtitle": "Wing, 10 stk",
    "category": { "sub": "Bind og tamponger", "parent": "Hygieneartikler" },
    "price": { "price": 38.4, "unitPrice": 3.84, "unit": "stk", "qty": 10 }
  },
  {
    "title": "Bind Ultra Night Wing",
    "subtitle": "10 stk",
    "category": { "sub": "Bind og tamponger", "parent": "Hygieneartikler" },
    "price": { "price": 32, "unitPrice": 3.2, "unit": "stk", "qty": 10 }
  },
  {
    "title": "Bind Maxi Night 3 med Vinger",
    "subtitle": "10 stk",
    "category": { "sub": "Bind og tamponger", "parent": "Hygieneartikler" },
    "price": { "price": 22.8, "unitPrice": 2.28, "unit": "stk", "qty": 10 }
  },
  {
    "title": "Bind Pure Sensitive Normal",
    "subtitle": "12 stk",
    "category": { "sub": "Bind og tamponger", "parent": "Hygieneartikler" },
    "price": { "price": 29.5, "unitPrice": 2.46, "unit": "stk", "qty": 11.99 }
  },
  {
    "title": "Truseinnlegg sensitiv",
    "subtitle": "26 stk",
    "category": { "sub": "Bind og tamponger", "parent": "Hygieneartikler" },
    "price": { "price": 34.2, "unitPrice": 1.32, "unit": "stk", "qty": 25.91 }
  },
  {
    "title": "Libresse String",
    "subtitle": "Truseinnlegg 30stk, 30 stk",
    "category": { "sub": "Bind og tamponger", "parent": "Hygieneartikler" },
    "price": { "price": 32.4, "unitPrice": 1.08, "unit": "stk", "qty": 30 }
  },
  {
    "title": "Truseinnlegg",
    "subtitle": "Normal 32stk, 32 stk",
    "category": { "sub": "Bind og tamponger", "parent": "Hygieneartikler" },
    "price": { "price": 30.6, "unitPrice": 0.96, "unit": "stk", "qty": 31.88 }
  },
  {
    "title": "Truseinnlegg Normal Liner",
    "subtitle": "30 stk",
    "category": { "sub": "Bind og tamponger", "parent": "Hygieneartikler" },
    "price": { "price": 32.9, "unitPrice": 1.1, "unit": "stk", "qty": 29.91 }
  },
  {
    "title": "Truseinnlegg Liner Long Plus",
    "subtitle": "22 stk",
    "category": { "sub": "Bind og tamponger", "parent": "Hygieneartikler" },
    "price": { "price": 30.3, "unitPrice": 1.38, "unit": "stk", "qty": 21.96 }
  },
  {
    "title": "Truseinnlegg Liner Large",
    "subtitle": "26 stk",
    "category": { "sub": "Bind og tamponger", "parent": "Hygieneartikler" },
    "price": { "price": 23.8, "unitPrice": 0.92, "unit": "stk", "qty": 25.87 }
  },
  {
    "title": "Truseinnlegg Normal",
    "subtitle": "30 stk",
    "category": { "sub": "Bind og tamponger", "parent": "Hygieneartikler" },
    "price": { "price": 28.7, "unitPrice": 0.96, "unit": "stk", "qty": 29.9 }
  },
  {
    "title": "Always Truseinnlegg Large",
    "subtitle": "52 stk",
    "category": { "sub": "Bind og tamponger", "parent": "Hygieneartikler" },
    "price": { "price": 48.1, "unitPrice": 0.93, "unit": "stk", "qty": 51.72 }
  },
  {
    "title": "Menstruasjonskopp Str. M",
    "subtitle": "Økologisk, 1 stk",
    "category": { "sub": "Bind og tamponger", "parent": "Hygieneartikler" },
    "price": { "price": 279, "unitPrice": 279, "unit": "stk", "qty": 1 }
  },
  {
    "title": "Menstruasjonskopp Str. L",
    "subtitle": "Økologisk, 1 stk",
    "category": { "sub": "Bind og tamponger", "parent": "Hygieneartikler" },
    "price": { "price": 279, "unitPrice": 279, "unit": "stk", "qty": 1 }
  },
  {
    "title": "Tamponger Regular, Ikke Klorbleket",
    "subtitle": "Økologisk, 18 stk",
    "category": { "sub": "Bind og tamponger", "parent": "Hygieneartikler" },
    "price": { "price": 44.9, "unitPrice": 2.49, "unit": "stk", "qty": 18.03 }
  },
  {
    "title": "Tamponger med Innføringshylse Normal, Ikke Klorbleket",
    "subtitle": "Økologisk, 16 stk",
    "category": { "sub": "Bind og tamponger", "parent": "Hygieneartikler" },
    "price": { "price": 54.9, "unitPrice": 3.43, "unit": "stk", "qty": 16.01 }
  },
  {
    "title": "Tamponger med innføringshylse Super, Ikke Klorbleket",
    "subtitle": "Økologisk, 14 stk",
    "category": { "sub": "Bind og tamponger", "parent": "Hygieneartikler" },
    "price": { "price": 54.9, "unitPrice": 3.92, "unit": "stk", "qty": 14.01 }
  },
  {
    "title": "Tamponger med Innføringshylse Superplus, Ikke Klorbleket",
    "subtitle": "Økologisk, 14 stk",
    "category": { "sub": "Bind og tamponger", "parent": "Hygieneartikler" },
    "price": { "price": 54.9, "unitPrice": 3.92, "unit": "stk", "qty": 14.01 }
  },
  {
    "title": "Tampax Tampong Compak Pearl",
    "subtitle": "Regular, 18 stk",
    "category": { "sub": "Bind og tamponger", "parent": "Hygieneartikler" },
    "price": { "price": 33.1, "unitPrice": 1.84, "unit": "stk", "qty": 17.99 }
  },
  {
    "title": "Tampax Tampong Compak Pearl",
    "subtitle": "Super, 18 stk",
    "category": { "sub": "Bind og tamponger", "parent": "Hygieneartikler" },
    "price": { "price": 33.4, "unitPrice": 1.86, "unit": "stk", "qty": 17.96 }
  },
  {
    "title": "Tampong Normal",
    "subtitle": "16 stk",
    "category": { "sub": "Bind og tamponger", "parent": "Hygieneartikler" },
    "price": { "price": 30.6, "unitPrice": 1.91, "unit": "stk", "qty": 16.02 }
  },
  {
    "title": "Tamponger Super",
    "subtitle": "16 stk",
    "category": { "sub": "Bind og tamponger", "parent": "Hygieneartikler" },
    "price": { "price": 27.3, "unitPrice": 1.71, "unit": "stk", "qty": 15.96 }
  },
  {
    "title": "Pro Comfort",
    "subtitle": "Normal 16stk, 16 stk",
    "category": { "sub": "Bind og tamponger", "parent": "Hygieneartikler" },
    "price": { "price": 16.9, "unitPrice": 1.06, "unit": "stk", "qty": 15.94 }
  },
  {
    "title": "Pro Comfort Mini",
    "subtitle": "16 stk",
    "category": { "sub": "Bind og tamponger", "parent": "Hygieneartikler" },
    "price": { "price": 21.8, "unitPrice": 1.36, "unit": "stk", "qty": 16.03 }
  },
  {
    "title": "Pro Comfort Super Plus",
    "subtitle": "16 stk",
    "category": { "sub": "Bind og tamponger", "parent": "Hygieneartikler" },
    "price": { "price": 22.1, "unitPrice": 1.38, "unit": "stk", "qty": 16.01 }
  },
  {
    "title": "Pro Comfort Super",
    "subtitle": "16 stk",
    "category": { "sub": "Bind og tamponger", "parent": "Hygieneartikler" },
    "price": { "price": 13.9, "unitPrice": 0.87, "unit": "stk", "qty": 15.98 }
  },
  {
    "title": "Tena Lady Ultra Mini",
    "subtitle": "Truseinnlegg, 28 stk",
    "category": { "sub": "Bind og tamponger", "parent": "Hygieneartikler" },
    "price": { "price": 49.8, "unitPrice": 1.78, "unit": "stk", "qty": 27.98 }
  },
  {
    "title": "Normal Bind",
    "subtitle": "16 stk",
    "category": { "sub": "Bind og tamponger", "parent": "Hygieneartikler" },
    "price": { "price": 24, "unitPrice": 1.5, "unit": "stk", "qty": 16 }
  },
  {
    "title": "Tena Discreet Mini",
    "subtitle": "20 stk",
    "category": { "sub": "Bind og tamponger", "parent": "Hygieneartikler" },
    "price": { "price": 48.4, "unitPrice": 2.42, "unit": "stk", "qty": 20 }
  },
  {
    "title": "Libresse V-care Intimservietter",
    "subtitle": "12 stk",
    "category": { "sub": "Bind og tamponger", "parent": "Hygieneartikler" },
    "price": { "price": 13.8, "unitPrice": 1.15, "unit": "stk", "qty": 12 }
  },
  {
    "title": "Tamponger",
    "subtitle": "32 stk",
    "category": { "sub": "Bind og tamponger", "parent": "Hygieneartikler" },
    "price": { "price": 10.9, "unitPrice": 0.34, "unit": "stk", "qty": 32.06 }
  },
  {
    "title": "Truseinnlegg",
    "subtitle": "32 stk",
    "category": { "sub": "Bind og tamponger", "parent": "Hygieneartikler" },
    "price": { "price": 10, "unitPrice": 0.31, "unit": "stk", "qty": 32.26 }
  },
  {
    "title": "Renseservietter",
    "subtitle": "Kind to Skin, 25 stk",
    "category": { "sub": "Bomull og ansiktsrens", "parent": "Hygieneartikler" },
    "price": { "price": 32.2, "unitPrice": 1.29, "unit": "stk", "qty": 24.96 }
  },
  {
    "title": "Biodegradable Wipes",
    "subtitle": "20 stk",
    "category": { "sub": "Bomull og ansiktsrens", "parent": "Hygieneartikler" },
    "price": { "price": 47.6, "unitPrice": 2.38, "unit": "stk", "qty": 20 }
  },
  {
    "title": "Ansiktsservietter",
    "subtitle": "20 stk",
    "category": { "sub": "Bomull og ansiktsrens", "parent": "Hygieneartikler" },
    "price": { "price": 35.6, "unitPrice": 1.78, "unit": "stk", "qty": 20 }
  },
  {
    "title": "Makeup Remover Wipes",
    "subtitle": "25 stk",
    "category": { "sub": "Bomull og ansiktsrens", "parent": "Hygieneartikler" },
    "price": { "price": 46.6, "unitPrice": 1.86, "unit": "stk", "qty": 25.05 }
  },
  {
    "title": "Cleansing Wipes Sensitive Face",
    "subtitle": "25 stk",
    "category": { "sub": "Bomull og ansiktsrens", "parent": "Hygieneartikler" },
    "price": { "price": 27.9, "unitPrice": 1.12, "unit": "stk", "qty": 24.91 }
  },
  {
    "title": "Ansiktsservietter",
    "subtitle": "25 stk",
    "category": { "sub": "Bomull og ansiktsrens", "parent": "Hygieneartikler" },
    "price": { "price": 8.9, "unitPrice": 0.36, "unit": "stk", "qty": 24.72 }
  },
  {
    "title": "Micellar Cleansing Water",
    "subtitle": "400 ml",
    "category": { "sub": "Bomull og ansiktsrens", "parent": "Hygieneartikler" },
    "price": { "price": 64, "unitPrice": 160, "unit": "l", "qty": 0.4 }
  },
  {
    "title": "Micellar water 100ml",
    "subtitle": "1 stk",
    "category": { "sub": "Bomull og ansiktsrens", "parent": "Hygieneartikler" },
    "price": { "price": 38.3, "unitPrice": 38.3, "unit": "stk", "qty": 1 }
  },
  {
    "title": "Eye & Lip Express",
    "subtitle": "Vannfast Sminkefjerner, 125 ml",
    "category": { "sub": "Bomull og ansiktsrens", "parent": "Hygieneartikler" },
    "price": { "price": 51.5, "unitPrice": 412, "unit": "l", "qty": 0.13 }
  },
  {
    "title": "Micellar Milky Water",
    "subtitle": "1 stk",
    "category": { "sub": "Bomull og ansiktsrens", "parent": "Hygieneartikler" },
    "price": { "price": 65.2, "unitPrice": 65.2, "unit": "stk", "qty": 1 }
  },
  {
    "title": "Pure Active Ansiktsrens 3in1",
    "subtitle": "Skin Naturals, 150 ml",
    "category": { "sub": "Bomull og ansiktsrens", "parent": "Hygieneartikler" },
    "price": { "price": 55.8, "unitPrice": 372, "unit": "l", "qty": 0.15 }
  },
  {
    "title": "Face Wash",
    "subtitle": "150 ml",
    "category": { "sub": "Bomull og ansiktsrens", "parent": "Hygieneartikler" },
    "price": { "price": 80.9, "unitPrice": 539.33, "unit": "l", "qty": 0.15 }
  },
  {
    "title": "Refresh and Hydrate Face Cleansing Gel",
    "subtitle": "125 ml",
    "category": { "sub": "Bomull og ansiktsrens", "parent": "Hygieneartikler" },
    "price": { "price": 76.9, "unitPrice": 615.2, "unit": "l", "qty": 0.13 }
  },
  {
    "title": "Lemongrass Purifying Gel Wash",
    "subtitle": "Cleanser, 150 ml",
    "category": { "sub": "Bomull og ansiktsrens", "parent": "Hygieneartikler" },
    "price": { "price": 81.7, "unitPrice": 544.67, "unit": "l", "qty": 0.15 }
  },
  {
    "title": "Pure Active 3in1 Intensive Charcoal",
    "subtitle": "1 stk",
    "category": { "sub": "Bomull og ansiktsrens", "parent": "Hygieneartikler" },
    "price": { "price": 99.2, "unitPrice": 99.2, "unit": "stk", "qty": 1 }
  },
  {
    "title": "Hydra Energetic After Shave Balm 24H",
    "subtitle": "1 stk",
    "category": { "sub": "Bomull og ansiktsrens", "parent": "Hygieneartikler" },
    "price": { "price": 108.4, "unitPrice": 108.4, "unit": "stk", "qty": 1 }
  },
  {
    "title": "Hydra Energetic Cleanser",
    "subtitle": "1 stk",
    "category": { "sub": "Bomull og ansiktsrens", "parent": "Hygieneartikler" },
    "price": { "price": 71.1, "unitPrice": 71.1, "unit": "stk", "qty": 1 }
  },
  {
    "title": "Konjac Sponge Cleanser Garnier Bio",
    "subtitle": "1 stk",
    "category": { "sub": "Bomull og ansiktsrens", "parent": "Hygieneartikler" },
    "price": { "price": 97.4, "unitPrice": 97.4, "unit": "stk", "qty": 1 }
  },
  {
    "title": "Bomullspads",
    "subtitle": "80 stk",
    "category": { "sub": "Bomull og ansiktsrens", "parent": "Hygieneartikler" },
    "price": { "price": 11.8, "unitPrice": 0.15, "unit": "stk", "qty": 78.67 }
  },
  {
    "title": "Bomullspinner",
    "subtitle": "Med Papirpinne, 300 stk",
    "category": { "sub": "Bomull og ansiktsrens", "parent": "Hygieneartikler" },
    "price": { "price": 14.4, "unitPrice": 0.05, "unit": "stk", "qty": 288 }
  },
  {
    "title": "Bomullspinner Baby",
    "subtitle": "72 stk",
    "category": { "sub": "Bomull og ansiktsrens", "parent": "Hygieneartikler" },
    "price": { "price": 22.5, "unitPrice": 0.31, "unit": "stk", "qty": 72.58 }
  },
  {
    "title": "Q-tips",
    "subtitle": "206 stk",
    "category": { "sub": "Bomull og ansiktsrens", "parent": "Hygieneartikler" },
    "price": { "price": 22.9, "unitPrice": 0.11, "unit": "stk", "qty": 208.18 }
  },
  {
    "title": "Bomull",
    "subtitle": "100 g",
    "category": { "sub": "Bomull og ansiktsrens", "parent": "Hygieneartikler" },
    "price": { "price": 12.6, "unitPrice": 126, "unit": "kg", "qty": 0.1 }
  },
  {
    "title": "Express Nail Polish Remover",
    "subtitle": "Acetone Free, 75 ml",
    "category": { "sub": "Bomull og ansiktsrens", "parent": "Hygieneartikler" },
    "price": { "price": 46.4, "unitPrice": 618.67, "unit": "l", "qty": 0.07 }
  },
  {
    "title": "Libresse V-care Intimservietter",
    "subtitle": "12 stk",
    "category": { "sub": "Bomull og ansiktsrens", "parent": "Hygieneartikler" },
    "price": { "price": 13.8, "unitPrice": 1.15, "unit": "stk", "qty": 12 }
  },
  {
    "title": "Fresh Intimservietter",
    "subtitle": "10 stk",
    "category": { "sub": "Bomull og ansiktsrens", "parent": "Hygieneartikler" },
    "price": { "price": 27.8, "unitPrice": 2.78, "unit": "stk", "qty": 10 }
  },
  {
    "title": "Ansiktsservietter",
    "subtitle": "150 stk",
    "category": { "sub": "Bomull og ansiktsrens", "parent": "Hygieneartikler" },
    "price": { "price": 17.3, "unitPrice": 0.12, "unit": "stk", "qty": 144.17 }
  },
  {
    "title": "Lommeletter",
    "subtitle": "15 stk",
    "category": { "sub": "Bomull og ansiktsrens", "parent": "Hygieneartikler" },
    "price": { "price": 17.1, "unitPrice": 1.14, "unit": "stk", "qty": 15 }
  },
  {
    "title": "Barberblad Fusion",
    "subtitle": "8 stk",
    "category": { "sub": "Barbering", "parent": "Hygieneartikler" },
    "price": { "price": 416.1, "unitPrice": 52.01, "unit": "stk", "qty": 8 }
  },
  {
    "title": "Barberblader Mach 3",
    "subtitle": "8 stk",
    "category": { "sub": "Barbering", "parent": "Hygieneartikler" },
    "price": { "price": 221.2, "unitPrice": 27.65, "unit": "stk", "qty": 8 }
  },
  {
    "title": "Fusion Proglide 5",
    "subtitle": "4 stk",
    "category": { "sub": "Barbering", "parent": "Hygieneartikler" },
    "price": { "price": 218.9, "unitPrice": 54.73, "unit": "stk", "qty": 4 }
  },
  {
    "title": "Gillette Barberblad Proshield 4",
    "subtitle": "4 stk",
    "category": { "sub": "Barbering", "parent": "Hygieneartikler" },
    "price": { "price": 218.9, "unitPrice": 54.73, "unit": "stk", "qty": 4 }
  },
  {
    "title": "Gillette Barberhøvel Fusion",
    "subtitle": "1 stk",
    "category": { "sub": "Barbering", "parent": "Hygieneartikler" },
    "price": { "price": 113.5, "unitPrice": 113.5, "unit": "stk", "qty": 1 }
  },
  {
    "title": "Barberhøvel Skinguard Sensitive 2up",
    "subtitle": "1 stk",
    "category": { "sub": "Barbering", "parent": "Hygieneartikler" },
    "price": { "price": 108.9, "unitPrice": 108.9, "unit": "stk", "qty": 1 }
  },
  {
    "title": "Barberhøvel Mach 3",
    "subtitle": "1 stk",
    "category": { "sub": "Barbering", "parent": "Hygieneartikler" },
    "price": { "price": 91.9, "unitPrice": 91.9, "unit": "stk", "qty": 1 }
  },
  {
    "title": "Barberhøvel Proglide Power",
    "subtitle": "1 stk",
    "category": { "sub": "Barbering", "parent": "Hygieneartikler" },
    "price": { "price": 178.9, "unitPrice": 178.9, "unit": "stk", "qty": 1 }
  },
  {
    "title": "Gillette Engangshøvel Blue3 Smooth",
    "subtitle": "4 stk",
    "category": { "sub": "Barbering", "parent": "Hygieneartikler" },
    "price": { "price": 36.6, "unitPrice": 9.15, "unit": "stk", "qty": 4 }
  },
  {
    "title": "Barberblad Skinguard Sensitive",
    "subtitle": "4 stk",
    "category": { "sub": "Barbering", "parent": "Hygieneartikler" },
    "price": { "price": 168.9, "unitPrice": 42.23, "unit": "stk", "qty": 4 }
  },
  {
    "title": "Barbergel Skinguard Sensitive",
    "subtitle": "200 ml",
    "category": { "sub": "Barbering", "parent": "Hygieneartikler" },
    "price": { "price": 49.3, "unitPrice": 246.5, "unit": "l", "qty": 0.2 }
  },
  {
    "title": "Barbergel",
    "subtitle": "200 ml",
    "category": { "sub": "Barbering", "parent": "Hygieneartikler" },
    "price": { "price": 45.1, "unitPrice": 225.5, "unit": "l", "qty": 0.2 }
  },
  {
    "title": "Barbergel Fusion Ultramoist",
    "subtitle": "Hydrating, 200 ml",
    "category": { "sub": "Barbering", "parent": "Hygieneartikler" },
    "price": { "price": 36.6, "unitPrice": 183, "unit": "l", "qty": 0.2 }
  },
  {
    "title": "Barbergel Mann",
    "subtitle": "200 ml",
    "category": { "sub": "Barbering", "parent": "Hygieneartikler" },
    "price": { "price": 23.1, "unitPrice": 115.5, "unit": "l", "qty": 0.2 }
  },
  {
    "title": "Barberskum Sensitive",
    "subtitle": "250 ml",
    "category": { "sub": "Barbering", "parent": "Hygieneartikler" },
    "price": { "price": 19.1, "unitPrice": 76.4, "unit": "l", "qty": 0.25 }
  },
  {
    "title": "Barberskum Regular Skum",
    "subtitle": "200 ml",
    "category": { "sub": "Barbering", "parent": "Hygieneartikler" },
    "price": { "price": 19.6, "unitPrice": 98, "unit": "l", "qty": 0.2 }
  },
  {
    "title": "Barberblad Venus Comfortglide Breeze",
    "subtitle": "4 stk",
    "category": { "sub": "Barbering", "parent": "Hygieneartikler" },
    "price": { "price": 157.9, "unitPrice": 39.48, "unit": "stk", "qty": 4 }
  },
  {
    "title": "Barberblad Venus Divine",
    "subtitle": "8 stk",
    "category": { "sub": "Barbering", "parent": "Hygieneartikler" },
    "price": { "price": 380.4, "unitPrice": 47.55, "unit": "stk", "qty": 8 }
  },
  {
    "title": "Barberblad Venus Extra Smooth Sensitive",
    "subtitle": "4 stk",
    "category": { "sub": "Barbering", "parent": "Hygieneartikler" },
    "price": { "price": 218.9, "unitPrice": 54.73, "unit": "stk", "qty": 4 }
  },
  {
    "title": "Barberhøvel Venus Divine",
    "subtitle": "1 stk",
    "category": { "sub": "Barbering", "parent": "Hygieneartikler" },
    "price": { "price": 113.9, "unitPrice": 113.9, "unit": "stk", "qty": 1 }
  },
  {
    "title": "Satincare Pure & Delicate",
    "subtitle": "200 ml",
    "category": { "sub": "Barbering", "parent": "Hygieneartikler" },
    "price": { "price": 31, "unitPrice": 155, "unit": "l", "qty": 0.2 }
  },
  {
    "title": "Barbergel Dame",
    "subtitle": "200 ml",
    "category": { "sub": "Barbering", "parent": "Hygieneartikler" },
    "price": { "price": 31.1, "unitPrice": 155.5, "unit": "l", "qty": 0.2 }
  },
  {
    "title": "Hårfjerner Krem Normal",
    "subtitle": "200 ml",
    "category": { "sub": "Barbering", "parent": "Hygieneartikler" },
    "price": { "price": 63.6, "unitPrice": 318, "unit": "l", "qty": 0.2 }
  },
  {
    "title": "Hårfjerning Wax Strips",
    "subtitle": "voksstrips voks veet, 20 stk",
    "category": { "sub": "Barbering", "parent": "Hygieneartikler" },
    "price": { "price": 102.6, "unitPrice": 5.13, "unit": "stk", "qty": 20 }
  },
  {
    "title": "Barbermaskin",
    "subtitle": "Philips S5050/06, 1 stk",
    "category": { "sub": "Barbering", "parent": "Hygieneartikler" },
    "price": { "price": 1298, "unitPrice": 1298, "unit": "stk", "qty": 1 }
  },
  {
    "title": "Kondom True Feeling",
    "subtitle": "8 stk",
    "category": { "sub": "Prevensjon", "parent": "Hygieneartikler" },
    "price": { "price": 90.9, "unitPrice": 11.36, "unit": "stk", "qty": 8 }
  },
  {
    "title": "Kondomer",
    "subtitle": "Profil, 10 stk",
    "category": { "sub": "Prevensjon", "parent": "Hygieneartikler" },
    "price": { "price": 60.7, "unitPrice": 6.07, "unit": "stk", "qty": 10 }
  },
  {
    "title": "Graviditetstest",
    "subtitle": "1 stk",
    "category": { "sub": "Prevensjon", "parent": "Hygieneartikler" },
    "price": { "price": 84.9, "unitPrice": 84.9, "unit": "stk", "qty": 1 }
  },
  {
    "title": "Munnbind type II 10 pk",
    "subtitle": "10 stk",
    "category": { "sub": "Legemidler", "parent": "Legemidler og helsekost" },
    "price": { "price": 49.9, "unitPrice": 4.99, "unit": "stk", "qty": 10 }
  },
  {
    "title": "Ansiktsmaske KN95",
    "subtitle": "Egenbeskyttelse, 4 lag, 10 stk",
    "category": { "sub": "Legemidler", "parent": "Legemidler og helsekost" },
    "price": { "price": 320, "unitPrice": 32, "unit": "stk", "qty": 10 }
  },
  {
    "title": "Paracet Tablett",
    "subtitle": "500mg, 20 stk",
    "category": { "sub": "Legemidler", "parent": "Legemidler og helsekost" },
    "price": { "price": 35.4, "unitPrice": 1.77, "unit": "stk", "qty": 20 }
  },
  {
    "title": "Paracet Brusetablett",
    "subtitle": "500mg, 20 stk",
    "category": { "sub": "Legemidler", "parent": "Legemidler og helsekost" },
    "price": { "price": 57.3, "unitPrice": 2.87, "unit": "stk", "qty": 19.97 }
  },
  {
    "title": "Paracet Stikkpille",
    "subtitle": "4-18 mnd, 125mg, 10 stk",
    "category": { "sub": "Legemidler", "parent": "Legemidler og helsekost" },
    "price": { "price": 49.8, "unitPrice": 4.98, "unit": "stk", "qty": 10 }
  },
  {
    "title": "Paracet Stikkpille",
    "subtitle": "1,5-9 år, 250mg, 10 stk",
    "category": { "sub": "Legemidler", "parent": "Legemidler og helsekost" },
    "price": { "price": 49.2, "unitPrice": 4.92, "unit": "stk", "qty": 10 }
  },
  {
    "title": "Paracet Mikstur",
    "subtitle": "24mg, 60 ml",
    "category": { "sub": "Legemidler", "parent": "Legemidler og helsekost" },
    "price": { "price": 52.9, "unitPrice": 881.67, "unit": "l", "qty": 0.06 }
  },
  {
    "title": "Smertestillende Tabletter",
    "subtitle": "20stk, 500mg, 20 stk",
    "category": { "sub": "Legemidler", "parent": "Legemidler og helsekost" },
    "price": { "price": 30.3, "unitPrice": 1.52, "unit": "stk", "qty": 19.93 }
  },
  {
    "title": "Ibux Ibuprofen tabletter",
    "subtitle": "200mg, 20 stk",
    "category": { "sub": "Legemidler", "parent": "Legemidler og helsekost" },
    "price": { "price": 46.8, "unitPrice": 2.34, "unit": "stk", "qty": 20 }
  },
  {
    "title": "Ibux Kapsler 200mg",
    "subtitle": "20 stk",
    "category": { "sub": "Legemidler", "parent": "Legemidler og helsekost" },
    "price": { "price": 77.4, "unitPrice": 3.87, "unit": "stk", "qty": 20 }
  },
  {
    "title": "Otrivin Nesespray Voksen",
    "subtitle": "1mg, 10 ml",
    "category": { "sub": "Legemidler", "parent": "Legemidler og helsekost" },
    "price": { "price": 65.8, "unitPrice": 6580, "unit": "l", "qty": 0.01 }
  },
  {
    "title": "Otrivin Nesespray Menthol",
    "subtitle": "1mg, 10 ml",
    "category": { "sub": "Legemidler", "parent": "Legemidler og helsekost" },
    "price": { "price": 68.8, "unitPrice": 6880, "unit": "l", "qty": 0.01 }
  },
  {
    "title": "Otrivin Comp Nesespray",
    "subtitle": "1mg, 10 ml",
    "category": { "sub": "Legemidler", "parent": "Legemidler og helsekost" },
    "price": { "price": 77.4, "unitPrice": 7740, "unit": "l", "qty": 0.01 }
  },
  {
    "title": "Otrivin Nesespray",
    "subtitle": "0,5mg, 10 ml",
    "category": { "sub": "Legemidler", "parent": "Legemidler og helsekost" },
    "price": { "price": 68.8, "unitPrice": 6880, "unit": "l", "qty": 0.01 }
  },
  {
    "title": "Otricare Aloe Vera Saltvannsspray",
    "subtitle": "50 ml",
    "category": { "sub": "Legemidler", "parent": "Legemidler og helsekost" },
    "price": { "price": 82.3, "unitPrice": 1646, "unit": "l", "qty": 0.05 }
  },
  {
    "title": "Otribaby Saltvann",
    "subtitle": "18 x 5 ml, 18 stk",
    "category": { "sub": "Legemidler", "parent": "Legemidler og helsekost" },
    "price": { "price": 87.9, "unitPrice": 4.88, "unit": "stk", "qty": 18.01 }
  },
  {
    "title": "Zyrtec Allergitabletter",
    "subtitle": "10mg, 21 stk",
    "category": { "sub": "Legemidler", "parent": "Legemidler og helsekost" },
    "price": { "price": 185.9, "unitPrice": 8.85, "unit": "stk", "qty": 21.01 }
  },
  {
    "title": "Tussin Hostemikstur",
    "subtitle": "100 ml",
    "category": { "sub": "Legemidler", "parent": "Legemidler og helsekost" },
    "price": { "price": 51.2, "unitPrice": 512, "unit": "l", "qty": 0.1 }
  },
  {
    "title": "Pyrisept Oppløsning",
    "subtitle": "1 mg/ml, 100 ml",
    "category": { "sub": "Legemidler", "parent": "Legemidler og helsekost" },
    "price": { "price": 51.2, "unitPrice": 512, "unit": "l", "qty": 0.1 }
  },
  {
    "title": "Imodium Tabletter",
    "subtitle": "2mg, 16 stk",
    "category": { "sub": "Legemidler", "parent": "Legemidler og helsekost" },
    "price": { "price": 119.1, "unitPrice": 7.44, "unit": "stk", "qty": 16.01 }
  },
  {
    "title": "Pepcid",
    "subtitle": "10 mg, 24 stk",
    "category": { "sub": "Legemidler", "parent": "Legemidler og helsekost" },
    "price": { "price": 218.9, "unitPrice": 9.12, "unit": "stk", "qty": 24 }
  },
  {
    "title": "Samarin",
    "subtitle": "18 bruk",
    "category": { "sub": "Legemidler", "parent": "Legemidler og helsekost" },
    "price": { "price": 24.2, "unitPrice": 1.34, "unit": "bruk", "qty": 18.06 }
  },
  {
    "title": "10 Minutter Linicin Shampoo",
    "subtitle": "Mot Lus, 100 ml",
    "category": { "sub": "Legemidler", "parent": "Legemidler og helsekost" },
    "price": { "price": 232, "unitPrice": 2320, "unit": "l", "qty": 0.1 }
  },
  {
    "title": "Gnagsårplaster",
    "subtitle": "6 stk",
    "category": { "sub": "Plaster", "parent": "Legemidler og helsekost" },
    "price": { "price": 63.1, "unitPrice": 10.52, "unit": "stk", "qty": 6 }
  },
  {
    "title": "Compeed Gnagsårplaster Medium",
    "subtitle": "5 stk",
    "category": { "sub": "Plaster", "parent": "Legemidler og helsekost" },
    "price": { "price": 105.9, "unitPrice": 21.18, "unit": "stk", "qty": 5 }
  },
  {
    "title": "Plaster Textile Elastic",
    "subtitle": "75 cm",
    "category": { "sub": "Plaster", "parent": "Legemidler og helsekost" },
    "price": { "price": 24.1, "unitPrice": 32.13, "unit": "m", "qty": 0.75 }
  },
  {
    "title": "Aqua Resist Mix Plaster",
    "subtitle": "28 stk",
    "category": { "sub": "Plaster", "parent": "Legemidler og helsekost" },
    "price": { "price": 35.6, "unitPrice": 1.27, "unit": "stk", "qty": 28.03 }
  },
  {
    "title": "Vannfast Plaster",
    "subtitle": "12 stk",
    "category": { "sub": "Plaster", "parent": "Legemidler og helsekost" },
    "price": { "price": 43.1, "unitPrice": 3.59, "unit": "stk", "qty": 12.01 }
  },
  {
    "title": "Munnbind",
    "subtitle": "3 lag, Type II, 50 stk",
    "category": { "sub": "Plaster", "parent": "Legemidler og helsekost" },
    "price": { "price": 290, "unitPrice": 5.8, "unit": "stk", "qty": 50 }
  },
  {
    "title": "Minions Plaster",
    "subtitle": "20 stk",
    "category": { "sub": "Plaster", "parent": "Legemidler og helsekost" },
    "price": { "price": 34.9, "unitPrice": 1.75, "unit": "stk", "qty": 19.94 }
  },
  {
    "title": "Vitaminbjørner",
    "subtitle": "60 stk",
    "category": { "sub": "Helsekost", "parent": "Legemidler og helsekost" },
    "price": { "price": 83.9, "unitPrice": 1.4, "unit": "stk", "qty": 59.93 }
  },
  {
    "title": "Collett Vitaminbjørner Cola",
    "subtitle": "60 stk",
    "category": { "sub": "Helsekost", "parent": "Legemidler og helsekost" },
    "price": { "price": 104.9, "unitPrice": 1.75, "unit": "stk", "qty": 59.94 }
  },
  {
    "title": "Möller's Tran Sitron",
    "subtitle": "500 ml",
    "category": { "sub": "Helsekost", "parent": "Legemidler og helsekost" },
    "price": { "price": 146.9, "unitPrice": 293.8, "unit": "l", "qty": 0.5 }
  },
  {
    "title": "Tran",
    "subtitle": "Naturell, 500 ml",
    "category": { "sub": "Helsekost", "parent": "Legemidler og helsekost" },
    "price": { "price": 99, "unitPrice": 198, "unit": "l", "qty": 0.5 }
  },
  {
    "title": "Trippel Omega-3",
    "subtitle": "144 stk",
    "category": { "sub": "Helsekost", "parent": "Legemidler og helsekost" },
    "price": { "price": 90.9, "unitPrice": 0.63, "unit": "stk", "qty": 144.29 }
  },
  {
    "title": "D-vitamin",
    "subtitle": "95 stk",
    "category": { "sub": "Helsekost", "parent": "Legemidler og helsekost" },
    "price": { "price": 71.8, "unitPrice": 0.76, "unit": "stk", "qty": 94.47 }
  },
  {
    "title": "Omega-3 Fisk",
    "subtitle": "45 stk",
    "category": { "sub": "Helsekost", "parent": "Legemidler og helsekost" },
    "price": { "price": 124.9, "unitPrice": 2.78, "unit": "stk", "qty": 44.93 }
  },
  {
    "title": "Trippel Omega-3 Barn",
    "subtitle": "120 stk",
    "category": { "sub": "Helsekost", "parent": "Legemidler og helsekost" },
    "price": { "price": 99.8, "unitPrice": 0.83, "unit": "stk", "qty": 120.24 }
  },
  {
    "title": "Maltextrakt",
    "subtitle": "450 g",
    "category": { "sub": "Helsekost", "parent": "Legemidler og helsekost" },
    "price": { "price": 68.4, "unitPrice": 152, "unit": "kg", "qty": 0.45 }
  },
  {
    "title": "Intensiv Sjokolade Shake",
    "subtitle": "0,5 kg",
    "category": { "sub": "Helsekost", "parent": "Legemidler og helsekost" },
    "price": { "price": 248.9, "unitPrice": 497.8, "unit": "kg", "qty": 0.5 }
  },
  {
    "title": "Sana-sol",
    "subtitle": "Uten sukker, 500 ml",
    "category": { "sub": "Helsekost", "parent": "Legemidler og helsekost" },
    "price": { "price": 83.9, "unitPrice": 167.8, "unit": "l", "qty": 0.5 }
  },
  {
    "title": "Trippel Omega-3",
    "subtitle": "2 pk, 288 stk",
    "category": { "sub": "Helsekost", "parent": "Legemidler og helsekost" },
    "price": { "price": 160.6, "unitPrice": 0.56, "unit": "stk", "qty": 286.79 }
  },
  {
    "title": "Möller's Den Originale",
    "subtitle": "112 kapsler, 1 stk",
    "category": { "sub": "Helsekost", "parent": "Legemidler og helsekost" },
    "price": { "price": 103.9, "unitPrice": 103.9, "unit": "stk", "qty": 1 }
  },
  {
    "title": "B-vitamin",
    "subtitle": "75 stk",
    "category": { "sub": "Helsekost", "parent": "Legemidler og helsekost" },
    "price": { "price": 60.9, "unitPrice": 0.81, "unit": "stk", "qty": 75.19 }
  },
  {
    "title": "C-max Appelsin",
    "subtitle": "95 stk",
    "category": { "sub": "Helsekost", "parent": "Legemidler og helsekost" },
    "price": { "price": 64.8, "unitPrice": 0.68, "unit": "stk", "qty": 95.29 }
  },
  {
    "title": "Magnesium",
    "subtitle": "140 stk",
    "category": { "sub": "Helsekost", "parent": "Legemidler og helsekost" },
    "price": { "price": 108.9, "unitPrice": 0.78, "unit": "stk", "qty": 139.62 }
  },
  {
    "title": "Jern Tyggetablett",
    "subtitle": "75 tabletter, 75 stk",
    "category": { "sub": "Helsekost", "parent": "Legemidler og helsekost" },
    "price": { "price": 92.9, "unitPrice": 1.24, "unit": "stk", "qty": 74.92 }
  },
  {
    "title": "Kostpluss Multitotal",
    "subtitle": "130 stk",
    "category": { "sub": "Helsekost", "parent": "Legemidler og helsekost" },
    "price": { "price": 108.9, "unitPrice": 0.84, "unit": "stk", "qty": 129.64 }
  },
  {
    "title": "Stay Sharp Fersken & Aprikos",
    "subtitle": "Brusetabletter, 20 stk",
    "category": { "sub": "Helsekost", "parent": "Legemidler og helsekost" },
    "price": { "price": 54.8, "unitPrice": 2.74, "unit": "stk", "qty": 20 }
  },
  {
    "title": "Floradix Formula Jern & Vitaminer",
    "subtitle": "250 ml",
    "category": { "sub": "Helsekost", "parent": "Legemidler og helsekost" },
    "price": { "price": 157.9, "unitPrice": 631.6, "unit": "l", "qty": 0.25 }
  },
  {
    "title": "Vitamineral",
    "subtitle": "100 stk",
    "category": { "sub": "Helsekost", "parent": "Legemidler og helsekost" },
    "price": { "price": 77.9, "unitPrice": 0.78, "unit": "stk", "qty": 99.87 }
  },
  {
    "title": "Halstabletter med Honning & Sitron",
    "subtitle": "Sukkerfri, 60 g",
    "category": { "sub": "Helsekost", "parent": "Legemidler og helsekost" },
    "price": { "price": 55.4, "unitPrice": 2.31, "unit": "stk", "qty": 23.98 }
  },
  {
    "title": "C-boost Sitron C-vitamin",
    "subtitle": "1000 mg, 20 stk",
    "category": { "sub": "Helsekost", "parent": "Legemidler og helsekost" },
    "price": { "price": 57.8, "unitPrice": 2.89, "unit": "stk", "qty": 20 }
  },
  {
    "title": "Skin Glow Eple & Mint",
    "subtitle": "Brusetabletter, 20 stk",
    "category": { "sub": "Helsekost", "parent": "Legemidler og helsekost" },
    "price": { "price": 59.6, "unitPrice": 2.98, "unit": "stk", "qty": 20 }
  },
  {
    "title": "Engelsk Ølgjær Protein",
    "subtitle": "300 g",
    "category": { "sub": "Helsekost", "parent": "Legemidler og helsekost" },
    "price": { "price": 51.7, "unitPrice": 172.33, "unit": "kg", "qty": 0.3 }
  },
  {
    "title": "Gerimax Extreme Energy",
    "subtitle": "30 stk",
    "category": { "sub": "Helsekost", "parent": "Legemidler og helsekost" },
    "price": { "price": 148.9, "unitPrice": 4.96, "unit": "stk", "qty": 30.02 }
  },
  {
    "title": "Sår Hals med Råmelk",
    "subtitle": "20 stk",
    "category": { "sub": "Helsekost", "parent": "Legemidler og helsekost" },
    "price": { "price": 39.8, "unitPrice": 1.99, "unit": "stk", "qty": 20 }
  },
  {
    "title": "Trippel Omega-3 Kvinne",
    "subtitle": "120 stk",
    "category": { "sub": "Helsekost", "parent": "Legemidler og helsekost" },
    "price": { "price": 111.3, "unitPrice": 0.93, "unit": "stk", "qty": 119.68 }
  },
  {
    "title": "Trippel Tran Lime",
    "subtitle": "375 ml",
    "category": { "sub": "Helsekost", "parent": "Legemidler og helsekost" },
    "price": { "price": 89.1, "unitPrice": 237.6, "unit": "l", "qty": 0.38 }
  },
  {
    "title": "Müslibar Sjokolade og Kokos",
    "subtitle": "6 stk, 138 g",
    "category": {
      "sub": "Proteinbar og müslibar",
      "parent": "Legemidler og helsekost"
    },
    "price": { "price": 28.2, "unitPrice": 204.35, "unit": "kg", "qty": 0.14 }
  },
  {
    "title": "Müslibar Hasselnøtt og Havre",
    "subtitle": "6 stk, 138 g",
    "category": {
      "sub": "Proteinbar og müslibar",
      "parent": "Legemidler og helsekost"
    },
    "price": { "price": 27.7, "unitPrice": 200.72, "unit": "kg", "qty": 0.14 }
  },
  {
    "title": "Müslibar Sjokolade og Nøtter 23g 6pk",
    "subtitle": "6 stk, 138 g",
    "category": {
      "sub": "Proteinbar og müslibar",
      "parent": "Legemidler og helsekost"
    },
    "price": { "price": 28.2, "unitPrice": 204.35, "unit": "kg", "qty": 0.14 }
  },
  {
    "title": "Smooth Caramel",
    "subtitle": "4 stk",
    "category": {
      "sub": "Proteinbar og müslibar",
      "parent": "Legemidler og helsekost"
    },
    "price": { "price": 105.7, "unitPrice": 26.43, "unit": "stk", "qty": 4 }
  },
  {
    "title": "Premium Dark Chocolate",
    "subtitle": "4pk, 0,24 kg",
    "category": {
      "sub": "Proteinbar og müslibar",
      "parent": "Legemidler og helsekost"
    },
    "price": { "price": 100.4, "unitPrice": 418.33, "unit": "kg", "qty": 0.24 }
  },
  {
    "title": "Chunky Peanut",
    "subtitle": "2pk, 110 g",
    "category": {
      "sub": "Proteinbar og müslibar",
      "parent": "Legemidler og helsekost"
    },
    "price": { "price": 53.1, "unitPrice": 482.73, "unit": "kg", "qty": 0.11 }
  },
  {
    "title": "Toffee Fudge",
    "subtitle": "40 g",
    "category": {
      "sub": "Proteinbar og müslibar",
      "parent": "Legemidler og helsekost"
    },
    "price": { "price": 32.4, "unitPrice": 810, "unit": "kg", "qty": 0.04 }
  },
  {
    "title": "Max99 Müslibar",
    "subtitle": "Havrekjeks & Melkesjokolade, 25 g",
    "category": {
      "sub": "Proteinbar og müslibar",
      "parent": "Legemidler og helsekost"
    },
    "price": { "price": 16.8, "unitPrice": 672, "unit": "kg", "qty": 0.03 }
  },
  {
    "title": "Maxim 40% Brownie",
    "subtitle": "Proteinbar, 50 g",
    "category": {
      "sub": "Proteinbar og müslibar",
      "parent": "Legemidler og helsekost"
    },
    "price": { "price": 33.8, "unitPrice": 676, "unit": "kg", "qty": 0.05 }
  },
  {
    "title": "Maxim 40% Salty Caramel",
    "subtitle": "Proteinbar, 50 g",
    "category": {
      "sub": "Proteinbar og müslibar",
      "parent": "Legemidler og helsekost"
    },
    "price": { "price": 33.8, "unitPrice": 676, "unit": "kg", "qty": 0.05 }
  },
  {
    "title": "Maxim Hero Chocolate",
    "subtitle": "Proteinbar, 55 g",
    "category": {
      "sub": "Proteinbar og müslibar",
      "parent": "Legemidler og helsekost"
    },
    "price": { "price": 32.4, "unitPrice": 589.09, "unit": "kg", "qty": 0.06 }
  },
  {
    "title": "Big 100 Salty Caramel",
    "subtitle": "100 g",
    "category": {
      "sub": "Proteinbar og müslibar",
      "parent": "Legemidler og helsekost"
    },
    "price": { "price": 32.8, "unitPrice": 328, "unit": "kg", "qty": 0.1 }
  },
  {
    "title": "Maxim Freaky Caramel",
    "subtitle": "Proteinbar, 55 g",
    "category": {
      "sub": "Proteinbar og müslibar",
      "parent": "Legemidler og helsekost"
    },
    "price": { "price": 33.4, "unitPrice": 607.27, "unit": "kg", "qty": 0.06 }
  },
  {
    "title": "Maxim Hunky Peanut",
    "subtitle": "Proteinbar, 55 g",
    "category": {
      "sub": "Proteinbar og müslibar",
      "parent": "Legemidler og helsekost"
    },
    "price": { "price": 33.4, "unitPrice": 607.27, "unit": "kg", "qty": 0.06 }
  },
  {
    "title": "Wildly Lemon Ginger",
    "subtitle": "Proteinbar, 55 g",
    "category": {
      "sub": "Proteinbar og müslibar",
      "parent": "Legemidler og helsekost"
    },
    "price": { "price": 30.4, "unitPrice": 552.73, "unit": "kg", "qty": 0.05 }
  },
  {
    "title": "Alpen Bar Protein",
    "subtitle": "Berries & Yoghurt, 5 stk, 170 g",
    "category": {
      "sub": "Proteinbar og müslibar",
      "parent": "Legemidler og helsekost"
    },
    "price": { "price": 35.9, "unitPrice": 211.18, "unit": "kg", "qty": 0.17 }
  },
  {
    "title": "Protein Bar Marzipan Classic 50g",
    "subtitle": "50 g",
    "category": {
      "sub": "Proteinbar og müslibar",
      "parent": "Legemidler og helsekost"
    },
    "price": { "price": 36, "unitPrice": 720, "unit": "kg", "qty": 0.05 }
  },
  {
    "title": "Nicorette Classic",
    "subtitle": "4mg, 105 stk",
    "category": {
      "sub": "Nikotinprodukter",
      "parent": "Legemidler og helsekost"
    },
    "price": { "price": 361.6, "unitPrice": 3.44, "unit": "stk", "qty": 105.12 }
  },
  {
    "title": "Nicorette Icemint",
    "subtitle": "2mg, 105 stk",
    "category": {
      "sub": "Nikotinprodukter",
      "parent": "Legemidler og helsekost"
    },
    "price": { "price": 228.9, "unitPrice": 2.18, "unit": "stk", "qty": 105 }
  },
  {
    "title": "Nicorette Tyggegummi Fruitmint",
    "subtitle": "2mg, 105 stk",
    "category": {
      "sub": "Nikotinprodukter",
      "parent": "Legemidler og helsekost"
    },
    "price": { "price": 224.9, "unitPrice": 2.14, "unit": "stk", "qty": 105.09 }
  },
  {
    "title": "Nicorette Icemint",
    "subtitle": "4mg, 105 stk",
    "category": {
      "sub": "Nikotinprodukter",
      "parent": "Legemidler og helsekost"
    },
    "price": { "price": 309.9, "unitPrice": 2.95, "unit": "stk", "qty": 105.05 }
  },
  {
    "title": "Nicotinell Tyggegummi Icemint",
    "subtitle": "2 mg, 96 stk",
    "category": {
      "sub": "Nikotinprodukter",
      "parent": "Legemidler og helsekost"
    },
    "price": { "price": 215.9, "unitPrice": 2.25, "unit": "stk", "qty": 95.96 }
  },
  {
    "title": "Nicotinell Tyggegummi Tropisk",
    "subtitle": "2 mg, 96 stk",
    "category": {
      "sub": "Nikotinprodukter",
      "parent": "Legemidler og helsekost"
    },
    "price": { "price": 217.9, "unitPrice": 2.27, "unit": "stk", "qty": 95.99 }
  },
  {
    "title": "Nicorette Munnspray Mint",
    "subtitle": "1mg/dose, 150 doser, 1 stk",
    "category": {
      "sub": "Nikotinprodukter",
      "parent": "Legemidler og helsekost"
    },
    "price": { "price": 344.7, "unitPrice": 344.7, "unit": "stk", "qty": 1 }
  },
  {
    "title": "Nicotinell Sugetablett Mint",
    "subtitle": "1mg, 96 stk",
    "category": {
      "sub": "Nikotinprodukter",
      "parent": "Legemidler og helsekost"
    },
    "price": { "price": 248.9, "unitPrice": 2.59, "unit": "stk", "qty": 96.1 }
  },
  {
    "title": "Nicorette Sugetabletter",
    "subtitle": "2mg, 80 stk",
    "category": {
      "sub": "Nikotinprodukter",
      "parent": "Legemidler og helsekost"
    },
    "price": { "price": 228.9, "unitPrice": 2.86, "unit": "stk", "qty": 80.03 }
  },
  {
    "title": "Nicotinell Icemint",
    "subtitle": "4 mg, 96 stk",
    "category": {
      "sub": "Nikotinprodukter",
      "parent": "Legemidler og helsekost"
    },
    "price": { "price": 305, "unitPrice": 3.18, "unit": "stk", "qty": 95.91 }
  },
  {
    "title": "Nicotinell Lakris",
    "subtitle": "2 mg, 96 stk",
    "category": {
      "sub": "Nikotinprodukter",
      "parent": "Legemidler og helsekost"
    },
    "price": { "price": 218.9, "unitPrice": 2.28, "unit": "stk", "qty": 96.01 }
  },
  {
    "title": "100% Whey Protein Sjokolade",
    "subtitle": "1 kg",
    "category": { "sub": "Proteinpulver og styrke", "parent": "Trening" },
    "price": { "price": 230.8, "unitPrice": 230.8, "unit": "kg", "qty": 1 }
  },
  {
    "title": "100% Whey Protein Jordbær",
    "subtitle": "1 kg",
    "category": { "sub": "Proteinpulver og styrke", "parent": "Trening" },
    "price": { "price": 230.8, "unitPrice": 230.8, "unit": "kg", "qty": 1 }
  },
  {
    "title": "Big Mass Sjokolade",
    "subtitle": "1 kg",
    "category": { "sub": "Proteinpulver og styrke", "parent": "Trening" },
    "price": { "price": 219.4, "unitPrice": 219.4, "unit": "kg", "qty": 1 }
  },
  {
    "title": "Big Mass Jordbær",
    "subtitle": "1 kg",
    "category": { "sub": "Proteinpulver og styrke", "parent": "Trening" },
    "price": { "price": 219.4, "unitPrice": 219.4, "unit": "kg", "qty": 1 }
  },
  {
    "title": "Engelsk Ølgjær Protein",
    "subtitle": "300 g",
    "category": { "sub": "Proteinpulver og styrke", "parent": "Trening" },
    "price": { "price": 51.7, "unitPrice": 172.33, "unit": "kg", "qty": 0.3 }
  },
  {
    "title": "Big Mass Jordbær",
    "subtitle": "3 kg",
    "category": { "sub": "Proteinpulver og styrke", "parent": "Trening" },
    "price": { "price": 473.2, "unitPrice": 157.73, "unit": "kg", "qty": 3 }
  },
  {
    "title": "Eggehvite",
    "subtitle": "1000 ml",
    "category": { "sub": "Proteinpulver og styrke", "parent": "Trening" },
    "price": { "price": 92.4, "unitPrice": 92.4, "unit": "kg", "qty": 1 }
  },
  {
    "title": "Pannekake & Vaffel Mix",
    "subtitle": "Classic, 250 g",
    "category": { "sub": "Proteinpulver og styrke", "parent": "Trening" },
    "price": { "price": 76.4, "unitPrice": 305.6, "unit": "kg", "qty": 0.25 }
  },
  {
    "title": "Whey 100",
    "subtitle": "Chocolate, 400 g",
    "category": { "sub": "Proteinpulver og styrke", "parent": "Trening" },
    "price": { "price": 166, "unitPrice": 415, "unit": "kg", "qty": 0.4 }
  },
  {
    "title": "Propud Milkshake Chocolate",
    "subtitle": "0,33 l",
    "category": { "sub": "Sportsdrikke", "parent": "Trening" },
    "price": { "price": 29.1, "unitPrice": 88.18, "unit": "l", "qty": 0.33 }
  },
  {
    "title": "Proteinshake Strawberry",
    "subtitle": "500 ml",
    "category": { "sub": "Sportsdrikke", "parent": "Trening" },
    "price": { "price": 57.9, "unitPrice": 115.8, "unit": "l", "qty": 0.5 }
  },
  {
    "title": "Proteinshake Chocolate",
    "subtitle": "500 ml",
    "category": { "sub": "Sportsdrikke", "parent": "Trening" },
    "price": { "price": 57.9, "unitPrice": 115.8, "unit": "l", "qty": 0.5 }
  },
  {
    "title": "Yt Restitusjonsdrikk Kakao",
    "subtitle": "330 ml",
    "category": { "sub": "Sportsdrikke", "parent": "Trening" },
    "price": { "price": 24.1, "unitPrice": 73.03, "unit": "l", "qty": 0.33 }
  },
  {
    "title": "YT proteinrik sjokoshake",
    "subtitle": "220 ml",
    "category": { "sub": "Sportsdrikke", "parent": "Trening" },
    "price": { "price": 22.3, "unitPrice": 101.36, "unit": "l", "qty": 0.22 }
  },
  {
    "title": "Smartfish Recharge Omega 3",
    "subtitle": "Sportsdrikk, 200 ml",
    "category": { "sub": "Sportsdrikke", "parent": "Trening" },
    "price": { "price": 22, "unitPrice": 110, "unit": "l", "qty": 0.2 }
  },
  {
    "title": "Smartfish Lipid+",
    "subtitle": "Sportsdrikk, 200 ml",
    "category": { "sub": "Sportsdrikke", "parent": "Trening" },
    "price": { "price": 33.1, "unitPrice": 165.5, "unit": "l", "qty": 0.2 }
  },
  {
    "title": "Smartfish High Protein",
    "subtitle": "Sportsdrikk, 200 ml",
    "category": { "sub": "Sportsdrikke", "parent": "Trening" },
    "price": { "price": 33.1, "unitPrice": 165.5, "unit": "l", "qty": 0.2 }
  },
  {
    "title": "E-Burn Brusetablett",
    "subtitle": "20 stk",
    "category": { "sub": "Sportsdrikke", "parent": "Trening" },
    "price": { "price": 103.9, "unitPrice": 5.2, "unit": "stk", "qty": 19.98 }
  },
  {
    "title": "E-Kick Brusetablett",
    "subtitle": "20 stk",
    "category": { "sub": "Sportsdrikke", "parent": "Trening" },
    "price": { "price": 103.9, "unitPrice": 5.2, "unit": "stk", "qty": 19.98 }
  },
  {
    "title": "Fres Guarana Brusetablett",
    "subtitle": "20 stk",
    "category": { "sub": "Sportsdrikke", "parent": "Trening" },
    "price": { "price": 103.9, "unitPrice": 5.2, "unit": "stk", "qty": 19.98 }
  },
  {
    "title": "Fres Grønn Te Brusetablett",
    "subtitle": "20 stk",
    "category": { "sub": "Sportsdrikke", "parent": "Trening" },
    "price": { "price": 103.9, "unitPrice": 5.2, "unit": "stk", "qty": 19.98 }
  },
  {
    "title": "Miami Strawberry",
    "subtitle": "0,33 l",
    "category": { "sub": "Sportsdrikke", "parent": "Trening" },
    "price": { "price": 31.2, "unitPrice": 94.55, "unit": "l", "qty": 0.33 }
  },
  {
    "title": "Nocco Focus Cola",
    "subtitle": "0,33 l",
    "category": { "sub": "Sportsdrikke", "parent": "Trening" },
    "price": { "price": 28.2, "unitPrice": 85.45, "unit": "l", "qty": 0.33 }
  },
  {
    "title": "Nocco Limón Del Sol",
    "subtitle": "0,33 l",
    "category": { "sub": "Sportsdrikke", "parent": "Trening" },
    "price": { "price": 31.5, "unitPrice": 95.45, "unit": "l", "qty": 0.33 }
  },
  {
    "title": "Gatorade Cool Blue",
    "subtitle": "0,5 l",
    "category": { "sub": "Sportsdrikke", "parent": "Trening" },
    "price": { "price": 38, "unitPrice": 76, "unit": "l", "qty": 0.5 }
  },
  {
    "title": "YT Sportsdrikk",
    "subtitle": "Appelsin, 0,5 l",
    "category": { "sub": "Sportsdrikke", "parent": "Trening" },
    "price": { "price": 25.5, "unitPrice": 51, "unit": "l", "qty": 0.5 }
  },
  {
    "title": "Powerade Mountain Blast",
    "subtitle": "0,5 l",
    "category": { "sub": "Sportsdrikke", "parent": "Trening" },
    "price": { "price": 25.3, "unitPrice": 50.6, "unit": "l", "qty": 0.5 }
  },
  {
    "title": "Aass Vørterøl",
    "subtitle": "6x0,33l, 1,98 l",
    "category": { "sub": "Sportsdrikke", "parent": "Trening" },
    "price": { "price": 77.3, "unitPrice": 39.04, "unit": "l", "qty": 1.98 }
  },
  {
    "title": "Coke Energy",
    "subtitle": "250 ml",
    "category": { "sub": "Sportsdrikke", "parent": "Trening" },
    "price": { "price": 18.8, "unitPrice": 75.2, "unit": "l", "qty": 0.25 }
  },
  {
    "title": "Coke Energy",
    "subtitle": "Uten Sukker, 0,25 l",
    "category": { "sub": "Sportsdrikke", "parent": "Trening" },
    "price": { "price": 18.8, "unitPrice": 75.2, "unit": "l", "qty": 0.25 }
  },
  {
    "title": "YT Proteinrik 220ml",
    "subtitle": "Jordbær & banshake, 220 ml",
    "category": { "sub": "Sportsdrikke", "parent": "Trening" },
    "price": { "price": 28, "unitPrice": 127.27, "unit": "l", "qty": 0.22 }
  },
  {
    "title": "YT proteinrik",
    "subtitle": "Sjokopudding, 190 g",
    "category": {
      "sub": "Måltidserstatter og mellommåltid",
      "parent": "Trening"
    },
    "price": { "price": 19.4, "unitPrice": 102.11, "unit": "kg", "qty": 0.19 }
  },
  {
    "title": "YT Proteinrik Vaniljepudding",
    "subtitle": "190 g",
    "category": {
      "sub": "Måltidserstatter og mellommåltid",
      "parent": "Trening"
    },
    "price": { "price": 26.8, "unitPrice": 141.05, "unit": "kg", "qty": 0.19 }
  },
  {
    "title": "TINE Protein Yoghurt med Pasjonsfrukt",
    "subtitle": "420 g",
    "category": {
      "sub": "Måltidserstatter og mellommåltid",
      "parent": "Trening"
    },
    "price": { "price": 27.6, "unitPrice": 65.71, "unit": "kg", "qty": 0.42 }
  },
  {
    "title": "TINE Protein Yoghurt Vanilje",
    "subtitle": "420 g",
    "category": {
      "sub": "Måltidserstatter og mellommåltid",
      "parent": "Trening"
    },
    "price": { "price": 27.7, "unitPrice": 65.95, "unit": "kg", "qty": 0.42 }
  },
  {
    "title": "Proteinpannekake Mix",
    "subtitle": "910 g",
    "category": {
      "sub": "Måltidserstatter og mellommåltid",
      "parent": "Trening"
    },
    "price": { "price": 230.8, "unitPrice": 253.63, "unit": "kg", "qty": 0.91 }
  },
  {
    "title": "Kreatin",
    "subtitle": "500 g",
    "category": {
      "sub": "Måltidserstatter og mellommåltid",
      "parent": "Trening"
    },
    "price": { "price": 173.2, "unitPrice": 346.4, "unit": "kg", "qty": 0.5 }
  },
  {
    "title": "Go On Blåbær",
    "subtitle": "150 g",
    "category": {
      "sub": "Måltidserstatter og mellommåltid",
      "parent": "Trening"
    },
    "price": { "price": 24.6, "unitPrice": 164, "unit": "kg", "qty": 0.15 }
  },
  {
    "title": "Go On Pasjonsfrukt",
    "subtitle": "150 g",
    "category": {
      "sub": "Måltidserstatter og mellommåltid",
      "parent": "Trening"
    },
    "price": { "price": 19.4, "unitPrice": 129.33, "unit": "kg", "qty": 0.15 }
  },
  {
    "title": "Propud Chocolate",
    "subtitle": "150 g",
    "category": {
      "sub": "Måltidserstatter og mellommåltid",
      "parent": "Trening"
    },
    "price": { "price": 23.4, "unitPrice": 156, "unit": "kg", "qty": 0.15 }
  },
  {
    "title": "Propud Chokladboll",
    "subtitle": "150 g",
    "category": {
      "sub": "Måltidserstatter og mellommåltid",
      "parent": "Trening"
    },
    "price": { "price": 22.8, "unitPrice": 152, "unit": "kg", "qty": 0.15 }
  },
  {
    "title": "Müslibar Hasselnøtt og Havre",
    "subtitle": "6 stk, 138 g",
    "category": {
      "sub": "Måltidserstatter og mellommåltid",
      "parent": "Trening"
    },
    "price": { "price": 27.7, "unitPrice": 200.72, "unit": "kg", "qty": 0.14 }
  },
  {
    "title": "Müslibar Sjokolade og Kokos",
    "subtitle": "6 stk, 138 g",
    "category": {
      "sub": "Måltidserstatter og mellommåltid",
      "parent": "Trening"
    },
    "price": { "price": 28.2, "unitPrice": 204.35, "unit": "kg", "qty": 0.14 }
  },
  {
    "title": "Müslibar Sjokolade og Nøtter 23g 6pk",
    "subtitle": "6 stk, 138 g",
    "category": {
      "sub": "Måltidserstatter og mellommåltid",
      "parent": "Trening"
    },
    "price": { "price": 28.2, "unitPrice": 204.35, "unit": "kg", "qty": 0.14 }
  },
  {
    "title": "Smooth Caramel",
    "subtitle": "4 stk",
    "category": {
      "sub": "Måltidserstatter og mellommåltid",
      "parent": "Trening"
    },
    "price": { "price": 105.7, "unitPrice": 26.43, "unit": "stk", "qty": 4 }
  },
  {
    "title": "Premium Dark Chocolate",
    "subtitle": "4pk, 0,24 kg",
    "category": {
      "sub": "Måltidserstatter og mellommåltid",
      "parent": "Trening"
    },
    "price": { "price": 100.4, "unitPrice": 418.33, "unit": "kg", "qty": 0.24 }
  },
  {
    "title": "Intensiv Sjokolade Shake",
    "subtitle": "0,5 kg",
    "category": {
      "sub": "Måltidserstatter og mellommåltid",
      "parent": "Trening"
    },
    "price": { "price": 248.9, "unitPrice": 497.8, "unit": "kg", "qty": 0.5 }
  },
  {
    "title": "Chunky Peanut",
    "subtitle": "2pk, 110 g",
    "category": {
      "sub": "Måltidserstatter og mellommåltid",
      "parent": "Trening"
    },
    "price": { "price": 53.1, "unitPrice": 482.73, "unit": "kg", "qty": 0.11 }
  },
  {
    "title": "Toffee Fudge",
    "subtitle": "40 g",
    "category": {
      "sub": "Måltidserstatter og mellommåltid",
      "parent": "Trening"
    },
    "price": { "price": 32.4, "unitPrice": 810, "unit": "kg", "qty": 0.04 }
  },
  {
    "title": "Maxim 40% Salty Caramel",
    "subtitle": "Proteinbar, 50 g",
    "category": {
      "sub": "Måltidserstatter og mellommåltid",
      "parent": "Trening"
    },
    "price": { "price": 33.8, "unitPrice": 676, "unit": "kg", "qty": 0.05 }
  },
  {
    "title": "Maxim 40% Brownie",
    "subtitle": "Proteinbar, 50 g",
    "category": {
      "sub": "Måltidserstatter og mellommåltid",
      "parent": "Trening"
    },
    "price": { "price": 33.8, "unitPrice": 676, "unit": "kg", "qty": 0.05 }
  },
  {
    "title": "Maxim Freaky Caramel",
    "subtitle": "Proteinbar, 55 g",
    "category": {
      "sub": "Måltidserstatter og mellommåltid",
      "parent": "Trening"
    },
    "price": { "price": 33.4, "unitPrice": 607.27, "unit": "kg", "qty": 0.06 }
  },
  {
    "title": "Maxim Hero Chocolate",
    "subtitle": "Proteinbar, 55 g",
    "category": {
      "sub": "Måltidserstatter og mellommåltid",
      "parent": "Trening"
    },
    "price": { "price": 32.4, "unitPrice": 589.09, "unit": "kg", "qty": 0.06 }
  },
  {
    "title": "Maxim Hunky Peanut",
    "subtitle": "Proteinbar, 55 g",
    "category": {
      "sub": "Måltidserstatter og mellommåltid",
      "parent": "Trening"
    },
    "price": { "price": 33.4, "unitPrice": 607.27, "unit": "kg", "qty": 0.06 }
  },
  {
    "title": "Wildly Lemon Ginger",
    "subtitle": "Proteinbar, 55 g",
    "category": {
      "sub": "Måltidserstatter og mellommåltid",
      "parent": "Trening"
    },
    "price": { "price": 30.4, "unitPrice": 552.73, "unit": "kg", "qty": 0.05 }
  },
  {
    "title": "Max99 Müslibar",
    "subtitle": "Havrekjeks & Melkesjokolade, 25 g",
    "category": {
      "sub": "Måltidserstatter og mellommåltid",
      "parent": "Trening"
    },
    "price": { "price": 16.8, "unitPrice": 672, "unit": "kg", "qty": 0.03 }
  },
  {
    "title": "YT Energibar",
    "subtitle": "Frukt Og Havre, 50 g",
    "category": {
      "sub": "Måltidserstatter og mellommåltid",
      "parent": "Trening"
    },
    "price": { "price": 24.9, "unitPrice": 498, "unit": "kg", "qty": 0.05 }
  },
  {
    "title": "Yt Restitusjonsbar Med Peanøttsmak",
    "subtitle": "65 g",
    "category": {
      "sub": "Måltidserstatter og mellommåltid",
      "parent": "Trening"
    },
    "price": { "price": 32.6, "unitPrice": 501.54, "unit": "kg", "qty": 0.06 }
  },
  {
    "title": "Yt Proteinbar Brownie",
    "subtitle": "50 g",
    "category": { "sub": "Proteinsnacks og vitamingodis", "parent": "Trening" },
    "price": { "price": 28.1, "unitPrice": 562, "unit": "kg", "qty": 0.05 }
  },
  {
    "title": "YT Energibar",
    "subtitle": "Frukt Og Havre, 50 g",
    "category": { "sub": "Proteinsnacks og vitamingodis", "parent": "Trening" },
    "price": { "price": 24.9, "unitPrice": 498, "unit": "kg", "qty": 0.05 }
  },
  {
    "title": "Yt Proteinbar Fudge",
    "subtitle": "Med Peanøtt & Sjokolade, 50 g",
    "category": { "sub": "Proteinsnacks og vitamingodis", "parent": "Trening" },
    "price": { "price": 28.1, "unitPrice": 562, "unit": "kg", "qty": 0.05 }
  },
  {
    "title": "Maxim Hero Chocolate",
    "subtitle": "Proteinbar, 55 g",
    "category": { "sub": "Proteinsnacks og vitamingodis", "parent": "Trening" },
    "price": { "price": 32.4, "unitPrice": 589.09, "unit": "kg", "qty": 0.06 }
  },
  {
    "title": "Maxim Freaky Caramel",
    "subtitle": "Proteinbar, 55 g",
    "category": { "sub": "Proteinsnacks og vitamingodis", "parent": "Trening" },
    "price": { "price": 33.4, "unitPrice": 607.27, "unit": "kg", "qty": 0.06 }
  },
  {
    "title": "Maxim Hunky Peanut",
    "subtitle": "Proteinbar, 55 g",
    "category": { "sub": "Proteinsnacks og vitamingodis", "parent": "Trening" },
    "price": { "price": 33.4, "unitPrice": 607.27, "unit": "kg", "qty": 0.06 }
  },
  {
    "title": "Wildly Lemon Ginger",
    "subtitle": "Proteinbar, 55 g",
    "category": { "sub": "Proteinsnacks og vitamingodis", "parent": "Trening" },
    "price": { "price": 30.4, "unitPrice": 552.73, "unit": "kg", "qty": 0.05 }
  },
  {
    "title": "Protein Bar Marzipan Classic 50g",
    "subtitle": "50 g",
    "category": { "sub": "Proteinsnacks og vitamingodis", "parent": "Trening" },
    "price": { "price": 36, "unitPrice": 720, "unit": "kg", "qty": 0.05 }
  },
  {
    "title": "Rapid Burn Kosttilskudd",
    "subtitle": "120 stk",
    "category": { "sub": "Kosttilskudd", "parent": "Trening" },
    "price": { "price": 404.1, "unitPrice": 4928.05, "unit": "kg", "qty": 0.08 }
  },
  {
    "title": "Eggehvite",
    "subtitle": "1000 ml",
    "category": { "sub": "Kosttilskudd", "parent": "Trening" },
    "price": { "price": 92.4, "unitPrice": 92.4, "unit": "kg", "qty": 1 }
  },
  {
    "title": "Kosttilskudd BCAA Lemon Lime",
    "subtitle": "400 g",
    "category": { "sub": "Kosttilskudd", "parent": "Trening" },
    "price": { "price": 345, "unitPrice": 8.63, "unit": "porsj", "qty": 39.98 }
  },
  {
    "title": "BCAA Cola Kosttilskudd",
    "subtitle": "300 g",
    "category": { "sub": "Kosttilskudd", "parent": "Trening" },
    "price": { "price": 345, "unitPrice": 1150, "unit": "kg", "qty": 0.3 }
  },
  {
    "title": "BCAA Green Apple Kosttilskudd",
    "subtitle": "300 g",
    "category": { "sub": "Kosttilskudd", "parent": "Trening" },
    "price": { "price": 345, "unitPrice": 1150, "unit": "kg", "qty": 0.3 }
  },
  {
    "title": "Pure Caffeine Kosttilskudd",
    "subtitle": "120 stk",
    "category": { "sub": "Kosttilskudd", "parent": "Trening" },
    "price": { "price": 230.8, "unitPrice": 1.92, "unit": "stk", "qty": 120.21 }
  },
  {
    "title": "Möller's Den Originale",
    "subtitle": "112 kapsler, 1 stk",
    "category": { "sub": "Kosttilskudd", "parent": "Trening" },
    "price": { "price": 103.9, "unitPrice": 103.9, "unit": "stk", "qty": 1 }
  },
  {
    "title": "Möller's Tran Sitron",
    "subtitle": "500 ml",
    "category": { "sub": "Kosttilskudd", "parent": "Trening" },
    "price": { "price": 146.9, "unitPrice": 293.8, "unit": "l", "qty": 0.5 }
  },
  {
    "title": "Tran",
    "subtitle": "Naturell, 500 ml",
    "category": { "sub": "Kosttilskudd", "parent": "Trening" },
    "price": { "price": 99, "unitPrice": 198, "unit": "l", "qty": 0.5 }
  },
  {
    "title": "Sana-sol",
    "subtitle": "Uten sukker, 500 ml",
    "category": { "sub": "Kosttilskudd", "parent": "Trening" },
    "price": { "price": 83.9, "unitPrice": 167.8, "unit": "l", "qty": 0.5 }
  },
  {
    "title": "D-vitamin",
    "subtitle": "95 stk",
    "category": { "sub": "Kosttilskudd", "parent": "Trening" },
    "price": { "price": 71.8, "unitPrice": 0.76, "unit": "stk", "qty": 94.47 }
  },
  {
    "title": "C-max Appelsin",
    "subtitle": "95 stk",
    "category": { "sub": "Kosttilskudd", "parent": "Trening" },
    "price": { "price": 64.8, "unitPrice": 0.68, "unit": "stk", "qty": 95.29 }
  },
  {
    "title": "Magnesium",
    "subtitle": "140 stk",
    "category": { "sub": "Kosttilskudd", "parent": "Trening" },
    "price": { "price": 108.9, "unitPrice": 0.78, "unit": "stk", "qty": 139.62 }
  },
  {
    "title": "Jern Tyggetablett",
    "subtitle": "75 tabletter, 75 stk",
    "category": { "sub": "Kosttilskudd", "parent": "Trening" },
    "price": { "price": 92.9, "unitPrice": 1.24, "unit": "stk", "qty": 74.92 }
  },
  {
    "title": "Kostpluss Multitotal",
    "subtitle": "130 stk",
    "category": { "sub": "Kosttilskudd", "parent": "Trening" },
    "price": { "price": 108.9, "unitPrice": 0.84, "unit": "stk", "qty": 129.64 }
  },
  {
    "title": "B-vitamin",
    "subtitle": "75 stk",
    "category": { "sub": "Kosttilskudd", "parent": "Trening" },
    "price": { "price": 60.9, "unitPrice": 0.81, "unit": "stk", "qty": 75.19 }
  },
  {
    "title": "Floradix Formula Jern & Vitaminer",
    "subtitle": "250 ml",
    "category": { "sub": "Kosttilskudd", "parent": "Trening" },
    "price": { "price": 157.9, "unitPrice": 631.6, "unit": "l", "qty": 0.25 }
  },
  {
    "title": "Vitamineral",
    "subtitle": "100 stk",
    "category": { "sub": "Kosttilskudd", "parent": "Trening" },
    "price": { "price": 77.9, "unitPrice": 0.78, "unit": "stk", "qty": 99.87 }
  },
  {
    "title": "Gerimax Extreme Energy",
    "subtitle": "30 stk",
    "category": { "sub": "Kosttilskudd", "parent": "Trening" },
    "price": { "price": 148.9, "unitPrice": 4.96, "unit": "stk", "qty": 30.02 }
  },
  {
    "title": "C-boost Sitron C-vitamin",
    "subtitle": "1000 mg, 20 stk",
    "category": { "sub": "Kosttilskudd", "parent": "Trening" },
    "price": { "price": 57.8, "unitPrice": 2.89, "unit": "stk", "qty": 20 }
  },
  {
    "title": "Stay Sharp Fersken & Aprikos",
    "subtitle": "Brusetabletter, 20 stk",
    "category": { "sub": "Kosttilskudd", "parent": "Trening" },
    "price": { "price": 54.8, "unitPrice": 2.74, "unit": "stk", "qty": 20 }
  },
  {
    "title": "Skin Glow Eple & Mint",
    "subtitle": "Brusetabletter, 20 stk",
    "category": { "sub": "Kosttilskudd", "parent": "Trening" },
    "price": { "price": 59.6, "unitPrice": 2.98, "unit": "stk", "qty": 20 }
  },
  {
    "title": "E-Burn Brusetablett",
    "subtitle": "20 stk",
    "category": { "sub": "Kosttilskudd", "parent": "Trening" },
    "price": { "price": 103.9, "unitPrice": 5.2, "unit": "stk", "qty": 19.98 }
  },
  {
    "title": "E-Kick Brusetablett",
    "subtitle": "20 stk",
    "category": { "sub": "Kosttilskudd", "parent": "Trening" },
    "price": { "price": 103.9, "unitPrice": 5.2, "unit": "stk", "qty": 19.98 }
  },
  {
    "title": "Fres Grønn Te Brusetablett",
    "subtitle": "20 stk",
    "category": { "sub": "Kosttilskudd", "parent": "Trening" },
    "price": { "price": 103.9, "unitPrice": 5.2, "unit": "stk", "qty": 19.98 }
  },
  {
    "title": "Fres Guarana Brusetablett",
    "subtitle": "20 stk",
    "category": { "sub": "Kosttilskudd", "parent": "Trening" },
    "price": { "price": 103.9, "unitPrice": 5.2, "unit": "stk", "qty": 19.98 }
  },
  {
    "title": "Smooth Caramel",
    "subtitle": "4 stk",
    "category": { "sub": "Vektkontroll", "parent": "Trening" },
    "price": { "price": 105.7, "unitPrice": 26.43, "unit": "stk", "qty": 4 }
  },
  {
    "title": "Intensiv Sjokolade Shake",
    "subtitle": "0,5 kg",
    "category": { "sub": "Vektkontroll", "parent": "Trening" },
    "price": { "price": 248.9, "unitPrice": 497.8, "unit": "kg", "qty": 0.5 }
  },
  {
    "title": "Premium Dark Chocolate",
    "subtitle": "4pk, 0,24 kg",
    "category": { "sub": "Vektkontroll", "parent": "Trening" },
    "price": { "price": 100.4, "unitPrice": 418.33, "unit": "kg", "qty": 0.24 }
  },
  {
    "title": "Chunky Peanut",
    "subtitle": "2pk, 110 g",
    "category": { "sub": "Vektkontroll", "parent": "Trening" },
    "price": { "price": 53.1, "unitPrice": 482.73, "unit": "kg", "qty": 0.11 }
  },
  {
    "title": "Toffee Fudge",
    "subtitle": "40 g",
    "category": { "sub": "Vektkontroll", "parent": "Trening" },
    "price": { "price": 32.4, "unitPrice": 810, "unit": "kg", "qty": 0.04 }
  },
  {
    "title": "Toalettpapir Hvit Lambi",
    "subtitle": "12 stk",
    "category": {
      "sub": "Toalettpapir og tørkerull",
      "parent": "Tørkepapir og vaskemidler"
    },
    "price": { "price": 68.5, "unitPrice": 0.27, "unit": "m", "qty": 253.7 }
  },
  {
    "title": "Toalettpapir",
    "subtitle": "6 stk",
    "category": {
      "sub": "Toalettpapir og tørkerull",
      "parent": "Tørkepapir og vaskemidler"
    },
    "price": { "price": 38.6, "unitPrice": 0.3, "unit": "m", "qty": 128.67 }
  },
  {
    "title": "Maximeter Toalettpapir",
    "subtitle": "4 stk",
    "category": {
      "sub": "Toalettpapir og tørkerull",
      "parent": "Tørkepapir og vaskemidler"
    },
    "price": { "price": 33.8, "unitPrice": 0.2, "unit": "m", "qty": 169 }
  },
  {
    "title": "Soft Toalettpapir",
    "subtitle": "18 stk",
    "category": {
      "sub": "Toalettpapir og tørkerull",
      "parent": "Tørkepapir og vaskemidler"
    },
    "price": { "price": 83.9, "unitPrice": 0.2, "unit": "m", "qty": 419.5 }
  },
  {
    "title": "Soft Toalettpapir 3 Lag",
    "subtitle": "6 stk",
    "category": {
      "sub": "Toalettpapir og tørkerull",
      "parent": "Tørkepapir og vaskemidler"
    },
    "price": { "price": 26.9, "unitPrice": 0.2, "unit": "m", "qty": 134.5 }
  },
  {
    "title": "Toalettpapir 4-lags",
    "subtitle": "Premium, 4 stk",
    "category": {
      "sub": "Toalettpapir og tørkerull",
      "parent": "Tørkepapir og vaskemidler"
    },
    "price": { "price": 31.1, "unitPrice": 0.4, "unit": "m", "qty": 77.75 }
  },
  {
    "title": "Toalettpapir",
    "subtitle": "8 stk",
    "category": {
      "sub": "Toalettpapir og tørkerull",
      "parent": "Tørkepapir og vaskemidler"
    },
    "price": { "price": 14.6, "unitPrice": 0.08, "unit": "m", "qty": 182.5 }
  },
  {
    "title": "Tørkerull Lambi",
    "subtitle": "4 stk",
    "category": {
      "sub": "Toalettpapir og tørkerull",
      "parent": "Tørkepapir og vaskemidler"
    },
    "price": { "price": 43.8, "unitPrice": 0.84, "unit": "m", "qty": 52.14 }
  },
  {
    "title": "Miljøvalg Tørkerull",
    "subtitle": "3 stk",
    "category": {
      "sub": "Toalettpapir og tørkerull",
      "parent": "Tørkepapir og vaskemidler"
    },
    "price": { "price": 38.5, "unitPrice": 0.61, "unit": "m", "qty": 63.11 }
  },
  {
    "title": "Kjøkkenrull",
    "subtitle": "4 stk",
    "category": {
      "sub": "Toalettpapir og tørkerull",
      "parent": "Tørkepapir og vaskemidler"
    },
    "price": { "price": 36.1, "unitPrice": 0.77, "unit": "m", "qty": 46.88 }
  },
  {
    "title": "Lotus Tørkerull",
    "subtitle": "1 stk",
    "category": {
      "sub": "Toalettpapir og tørkerull",
      "parent": "Tørkepapir og vaskemidler"
    },
    "price": { "price": 35.8, "unitPrice": 0.36, "unit": "m", "qty": 99.44 }
  },
  {
    "title": "Tørkerull",
    "subtitle": "2 stk",
    "category": {
      "sub": "Toalettpapir og tørkerull",
      "parent": "Tørkepapir og vaskemidler"
    },
    "price": { "price": 44.1, "unitPrice": 0.22, "unit": "m", "qty": 200.45 }
  },
  {
    "title": "Torky Flexible Dispenser",
    "subtitle": "1 stk",
    "category": {
      "sub": "Toalettpapir og tørkerull",
      "parent": "Tørkepapir og vaskemidler"
    },
    "price": { "price": 103.6, "unitPrice": 103.6, "unit": "stk", "qty": 1 }
  },
  {
    "title": "Vaskerull Refill",
    "subtitle": "77 stk",
    "category": {
      "sub": "Toalettpapir og tørkerull",
      "parent": "Tørkepapir og vaskemidler"
    },
    "price": { "price": 69.8, "unitPrice": 0.91, "unit": "stk", "qty": 76.7 }
  },
  {
    "title": "Neutral Color",
    "subtitle": "975 g",
    "category": { "sub": "Klesvask", "parent": "Tørkepapir og vaskemidler" },
    "price": { "price": 51.8, "unitPrice": 1.99, "unit": "vask", "qty": 26.03 }
  },
  {
    "title": "Neutral Hvitvask",
    "subtitle": "975 g",
    "category": { "sub": "Klesvask", "parent": "Tørkepapir og vaskemidler" },
    "price": { "price": 52.4, "unitPrice": 2.02, "unit": "vask", "qty": 25.94 }
  },
  {
    "title": "Neutral Storvask",
    "subtitle": "5,27 kg",
    "category": { "sub": "Klesvask", "parent": "Tørkepapir og vaskemidler" },
    "price": { "price": 188.3, "unitPrice": 2.45, "unit": "vask", "qty": 76.86 }
  },
  {
    "title": "OMO Color",
    "subtitle": "4,5 kg",
    "category": { "sub": "Klesvask", "parent": "Tørkepapir og vaskemidler" },
    "price": {
      "price": 186.6,
      "unitPrice": 1.78,
      "unit": "vask",
      "qty": 104.83
    }
  },
  {
    "title": "OMO Ultra Hvitt",
    "subtitle": "4,5 kg",
    "category": { "sub": "Klesvask", "parent": "Tørkepapir og vaskemidler" },
    "price": { "price": 192, "unitPrice": 1.92, "unit": "vask", "qty": 100 }
  },
  {
    "title": "Omo Color",
    "subtitle": "1,17 kg",
    "category": { "sub": "Klesvask", "parent": "Tørkepapir og vaskemidler" },
    "price": { "price": 57.9, "unitPrice": 2.14, "unit": "vask", "qty": 27.06 }
  },
  {
    "title": "Omo Ultra Hvitt",
    "subtitle": "1,17 kg",
    "category": { "sub": "Klesvask", "parent": "Tørkepapir og vaskemidler" },
    "price": { "price": 57.6, "unitPrice": 2.22, "unit": "vask", "qty": 25.95 }
  },
  {
    "title": "Blenda Sensitive Farget",
    "subtitle": "1,04 kg",
    "category": { "sub": "Klesvask", "parent": "Tørkepapir og vaskemidler" },
    "price": { "price": 52.8, "unitPrice": 2.2, "unit": "vask", "qty": 24 }
  },
  {
    "title": "Blenda Sensitive Hvitt",
    "subtitle": "1,04 kg",
    "category": { "sub": "Klesvask", "parent": "Tørkepapir og vaskemidler" },
    "price": { "price": 53.8, "unitPrice": 2.24, "unit": "vask", "qty": 24.02 }
  },
  {
    "title": "Maskinvask Farget",
    "subtitle": "Sensitiv, 1,1 kg",
    "category": { "sub": "Klesvask", "parent": "Tørkepapir og vaskemidler" },
    "price": { "price": 36.1, "unitPrice": 1.16, "unit": "vask", "qty": 31.12 }
  },
  {
    "title": "Standardtøyvask",
    "subtitle": "Hvitt & Farget Tøy, 2 kg",
    "category": { "sub": "Klesvask", "parent": "Tørkepapir og vaskemidler" },
    "price": { "price": 39.4, "unitPrice": 0.76, "unit": "vask", "qty": 51.84 }
  },
  {
    "title": "Klar Tøyvask",
    "subtitle": "750 ml",
    "category": { "sub": "Klesvask", "parent": "Tørkepapir og vaskemidler" },
    "price": { "price": 65.8, "unitPrice": 3.13, "unit": "vask", "qty": 21.02 }
  },
  {
    "title": "Klar Tøyvask Parfymefri",
    "subtitle": "750 ml",
    "category": { "sub": "Klesvask", "parent": "Tørkepapir og vaskemidler" },
    "price": { "price": 70.8, "unitPrice": 94.4, "unit": "l", "qty": 0.75 }
  },
  {
    "title": "Flytende Maskinvask Farget&Hvitt",
    "subtitle": "1920 ml",
    "category": { "sub": "Klesvask", "parent": "Tørkepapir og vaskemidler" },
    "price": { "price": 120.2, "unitPrice": 2.5, "unit": "vask", "qty": 48.08 }
  },
  {
    "title": "Flytende Maskinvask Farget&Hvitt",
    "subtitle": "760 ml",
    "category": { "sub": "Klesvask", "parent": "Tørkepapir og vaskemidler" },
    "price": { "price": 59.8, "unitPrice": 3.15, "unit": "vask", "qty": 18.98 }
  },
  {
    "title": "Tøyvask Ull & Silke",
    "subtitle": "Flytende, 750 ml",
    "category": { "sub": "Klesvask", "parent": "Tørkepapir og vaskemidler" },
    "price": { "price": 50.8, "unitPrice": 3.39, "unit": "vask", "qty": 14.99 }
  },
  {
    "title": "Omo Color",
    "subtitle": "Flytende, 595 ml",
    "category": { "sub": "Klesvask", "parent": "Tørkepapir og vaskemidler" },
    "price": { "price": 51.4, "unitPrice": 3.02, "unit": "vask", "qty": 17.02 }
  },
  {
    "title": "Omo Ultra Hvitt",
    "subtitle": "Flytende, 595 ml",
    "category": { "sub": "Klesvask", "parent": "Tørkepapir og vaskemidler" },
    "price": { "price": 57.8, "unitPrice": 3.4, "unit": "vask", "qty": 17 }
  },
  {
    "title": "Omo Color",
    "subtitle": "Flytende Refill, 490 ml",
    "category": { "sub": "Klesvask", "parent": "Tørkepapir og vaskemidler" },
    "price": { "price": 42.7, "unitPrice": 3.05, "unit": "vask", "qty": 14 }
  },
  {
    "title": "Omo Ultra Hvitt",
    "subtitle": "Flytende Refill, 490 ml",
    "category": { "sub": "Klesvask", "parent": "Tørkepapir og vaskemidler" },
    "price": { "price": 38.9, "unitPrice": 2.78, "unit": "vask", "qty": 13.99 }
  },
  {
    "title": "Omo Color Trippel Dose",
    "subtitle": "16 vask",
    "category": { "sub": "Klesvask", "parent": "Tørkepapir og vaskemidler" },
    "price": { "price": 70.6, "unitPrice": 4.41, "unit": "vask", "qty": 16.01 }
  },
  {
    "title": "Omo Ultra Trippel Dose",
    "subtitle": "16 vask",
    "category": { "sub": "Klesvask", "parent": "Tørkepapir og vaskemidler" },
    "price": { "price": 73.5, "unitPrice": 4.59, "unit": "vask", "qty": 16.01 }
  },
  {
    "title": "Blenda Sensitive Tøyvaskemiddel",
    "subtitle": "Flytende, 595 ml",
    "category": { "sub": "Klesvask", "parent": "Tørkepapir og vaskemidler" },
    "price": { "price": 60.8, "unitPrice": 102.18, "unit": "l", "qty": 0.6 }
  },
  {
    "title": "Flytende Vask Color",
    "subtitle": "1 l",
    "category": { "sub": "Klesvask", "parent": "Tørkepapir og vaskemidler" },
    "price": { "price": 38.1, "unitPrice": 38.1, "unit": "l", "qty": 1 }
  },
  {
    "title": "Flytende Vask Hvitt",
    "subtitle": "1 l",
    "category": { "sub": "Klesvask", "parent": "Tørkepapir og vaskemidler" },
    "price": { "price": 40.1, "unitPrice": 40.1, "unit": "l", "qty": 1 }
  },
  {
    "title": "OMO Aktiv & Sport",
    "subtitle": "595 ml",
    "category": { "sub": "Klesvask", "parent": "Tørkepapir og vaskemidler" },
    "price": { "price": 68.8, "unitPrice": 115.63, "unit": "l", "qty": 0.6 }
  },
  {
    "title": "Klar Tøyvask",
    "subtitle": "Ull & Silke, 600 ml",
    "category": { "sub": "Klesvask", "parent": "Tørkepapir og vaskemidler" },
    "price": { "price": 52.6, "unitPrice": 87.67, "unit": "l", "qty": 0.6 }
  },
  {
    "title": "Milo Flytende",
    "subtitle": "Tøyvask, 595 ml",
    "category": { "sub": "Klesvask", "parent": "Tørkepapir og vaskemidler" },
    "price": { "price": 57.9, "unitPrice": 97.31, "unit": "l", "qty": 0.6 }
  },
  {
    "title": "Milo Ull & Silke",
    "subtitle": "Parfymefri, 595 ml",
    "category": { "sub": "Klesvask", "parent": "Tørkepapir og vaskemidler" },
    "price": { "price": 62.8, "unitPrice": 3.69, "unit": "vask", "qty": 17.02 }
  },
  {
    "title": "Milo Tøyvask Refill",
    "subtitle": "490 ml",
    "category": { "sub": "Klesvask", "parent": "Tørkepapir og vaskemidler" },
    "price": { "price": 46.8, "unitPrice": 95.51, "unit": "l", "qty": 0.49 }
  },
  {
    "title": "Tøyvask Ull & Silke",
    "subtitle": "1 l",
    "category": { "sub": "Klesvask", "parent": "Tørkepapir og vaskemidler" },
    "price": { "price": 28.6, "unitPrice": 28.6, "unit": "l", "qty": 1 }
  },
  {
    "title": "Tøymykner",
    "subtitle": "750 ml",
    "category": { "sub": "Klesvask", "parent": "Tørkepapir og vaskemidler" },
    "price": { "price": 30.8, "unitPrice": 41.07, "unit": "l", "qty": 0.75 }
  },
  {
    "title": "Comfort Sensitive Tøymykner",
    "subtitle": "750 ml",
    "category": { "sub": "Klesvask", "parent": "Tørkepapir og vaskemidler" },
    "price": { "price": 38, "unitPrice": 50.67, "unit": "l", "qty": 0.75 }
  },
  {
    "title": "Comfort Fresh Tech",
    "subtitle": "750 ml",
    "category": { "sub": "Klesvask", "parent": "Tørkepapir og vaskemidler" },
    "price": { "price": 43.8, "unitPrice": 58.4, "unit": "l", "qty": 0.75 }
  },
  {
    "title": "Comfort Sommerfrisk",
    "subtitle": "750 ml",
    "category": { "sub": "Klesvask", "parent": "Tørkepapir og vaskemidler" },
    "price": { "price": 42.6, "unitPrice": 56.8, "unit": "l", "qty": 0.75 }
  },
  {
    "title": "Comfort Kløver & Agurk",
    "subtitle": "750 ml",
    "category": { "sub": "Klesvask", "parent": "Tørkepapir og vaskemidler" },
    "price": { "price": 42.6, "unitPrice": 56.8, "unit": "l", "qty": 0.75 }
  },
  {
    "title": "Comfort Mandarin & Hylleblomst",
    "subtitle": "750 ml",
    "category": { "sub": "Klesvask", "parent": "Tørkepapir og vaskemidler" },
    "price": { "price": 44.7, "unitPrice": 59.6, "unit": "l", "qty": 0.75 }
  },
  {
    "title": "Blenda Tøymykner",
    "subtitle": "Sensitive, 750 ml",
    "category": { "sub": "Klesvask", "parent": "Tørkepapir og vaskemidler" },
    "price": { "price": 36.9, "unitPrice": 49.2, "unit": "l", "qty": 0.75 }
  },
  {
    "title": "Milo Tøymykner",
    "subtitle": "750 ml",
    "category": { "sub": "Klesvask", "parent": "Tørkepapir og vaskemidler" },
    "price": { "price": 40, "unitPrice": 53.33, "unit": "l", "qty": 0.75 }
  },
  {
    "title": "Tøymykner Sommereng",
    "subtitle": "1 l",
    "category": { "sub": "Klesvask", "parent": "Tørkepapir og vaskemidler" },
    "price": { "price": 16.8, "unitPrice": 16.8, "unit": "l", "qty": 1 }
  },
  {
    "title": "Tøymykner Frisk Duft",
    "subtitle": "750 ml",
    "category": { "sub": "Klesvask", "parent": "Tørkepapir og vaskemidler" },
    "price": { "price": 26.1, "unitPrice": 34.8, "unit": "l", "qty": 0.75 }
  },
  {
    "title": "Tøymykner Sensitive",
    "subtitle": "750 ml",
    "category": { "sub": "Klesvask", "parent": "Tørkepapir og vaskemidler" },
    "price": { "price": 25.6, "unitPrice": 34.13, "unit": "l", "qty": 0.75 }
  },
  {
    "title": "Neutral Flekkfjerning",
    "subtitle": "500 ml",
    "category": { "sub": "Klesvask", "parent": "Tørkepapir og vaskemidler" },
    "price": { "price": 59.8, "unitPrice": 119.6, "unit": "l", "qty": 0.5 }
  },
  {
    "title": "Powerlift Flekkfjerner",
    "subtitle": "350 ml",
    "category": { "sub": "Klesvask", "parent": "Tørkepapir og vaskemidler" },
    "price": { "price": 52.6, "unitPrice": 150.29, "unit": "l", "qty": 0.35 }
  },
  {
    "title": "Flekkfjerner Forbehandler",
    "subtitle": "750 ml",
    "category": { "sub": "Klesvask", "parent": "Tørkepapir og vaskemidler" },
    "price": { "price": 43.9, "unitPrice": 58.53, "unit": "l", "qty": 0.75 }
  },
  {
    "title": "Vanish Gold Oxi Action",
    "subtitle": "470 g",
    "category": { "sub": "Klesvask", "parent": "Tørkepapir og vaskemidler" },
    "price": { "price": 76.4, "unitPrice": 162.55, "unit": "kg", "qty": 0.47 }
  },
  {
    "title": "Pulver Gold Hvit",
    "subtitle": "470 g",
    "category": { "sub": "Klesvask", "parent": "Tørkepapir og vaskemidler" },
    "price": { "price": 76.9, "unitPrice": 163.62, "unit": "kg", "qty": 0.47 }
  },
  {
    "title": "Biotex Håndvask",
    "subtitle": "549 g",
    "category": { "sub": "Klesvask", "parent": "Tørkepapir og vaskemidler" },
    "price": { "price": 38.4, "unitPrice": 4.27, "unit": "vask", "qty": 8.99 }
  },
  {
    "title": "Stiff Stivelse Spray",
    "subtitle": "400 ml",
    "category": { "sub": "Klesvask", "parent": "Tørkepapir og vaskemidler" },
    "price": { "price": 51.3, "unitPrice": 128.25, "unit": "l", "qty": 0.4 }
  },
  {
    "title": "Maskinrens",
    "subtitle": "120 g",
    "category": { "sub": "Klesvask", "parent": "Tørkepapir og vaskemidler" },
    "price": { "price": 91.9, "unitPrice": 765.83, "unit": "kg", "qty": 0.12 }
  },
  {
    "title": "Vaskemaskinrens",
    "subtitle": "2 stk",
    "category": { "sub": "Klesvask", "parent": "Tørkepapir og vaskemidler" },
    "price": { "price": 49.9, "unitPrice": 24.95, "unit": "stk", "qty": 2 }
  },
  {
    "title": "Sun Maxpower",
    "subtitle": "66 vask",
    "category": { "sub": "Oppvask", "parent": "Tørkepapir og vaskemidler" },
    "price": { "price": 88.9, "unitPrice": 1.35, "unit": "vask", "qty": 65.85 }
  },
  {
    "title": "Maskinoppvask Original Alt-i-Ett",
    "subtitle": "70 stk",
    "category": { "sub": "Oppvask", "parent": "Tørkepapir og vaskemidler" },
    "price": { "price": 115.6, "unitPrice": 1.65, "unit": "stk", "qty": 70.06 }
  },
  {
    "title": "Yes Maskinoppvask Platinum",
    "subtitle": "16 Tabletter, 16 stk",
    "category": { "sub": "Oppvask", "parent": "Tørkepapir og vaskemidler" },
    "price": { "price": 52.1, "unitPrice": 3.26, "unit": "stk", "qty": 15.98 }
  },
  {
    "title": "Alt i 1 Active Power",
    "subtitle": "18 tablett",
    "category": { "sub": "Oppvask", "parent": "Tørkepapir og vaskemidler" },
    "price": {
      "price": 46.9,
      "unitPrice": 2.61,
      "unit": "tablett",
      "qty": 17.97
    }
  },
  {
    "title": "Extra power",
    "subtitle": "Refill, 755 g",
    "category": { "sub": "Oppvask", "parent": "Tørkepapir og vaskemidler" },
    "price": { "price": 45.8, "unitPrice": 60.66, "unit": "kg", "qty": 0.76 }
  },
  {
    "title": "Oppvasktabletter",
    "subtitle": "22 stk",
    "category": { "sub": "Oppvask", "parent": "Tørkepapir og vaskemidler" },
    "price": { "price": 59.8, "unitPrice": 2.72, "unit": "stk", "qty": 21.99 }
  },
  {
    "title": "Maskinoppvask",
    "subtitle": "tabletter, 16 tablett",
    "category": { "sub": "Oppvask", "parent": "Tørkepapir og vaskemidler" },
    "price": {
      "price": 49.4,
      "unitPrice": 3.09,
      "unit": "tablett",
      "qty": 15.99
    }
  },
  {
    "title": "Maskinoppvasktabletter",
    "subtitle": "40 stk",
    "category": { "sub": "Oppvask", "parent": "Tørkepapir og vaskemidler" },
    "price": { "price": 26.3, "unitPrice": 0.66, "unit": "stk", "qty": 39.85 }
  },
  {
    "title": "Maskinoppvaskpulver",
    "subtitle": "1 kg",
    "category": { "sub": "Oppvask", "parent": "Tørkepapir og vaskemidler" },
    "price": { "price": 35.3, "unitPrice": 35.3, "unit": "kg", "qty": 1 }
  },
  {
    "title": "Zalo Ultra Oppvask",
    "subtitle": "500 ml",
    "category": { "sub": "Oppvask", "parent": "Tørkepapir og vaskemidler" },
    "price": { "price": 29.6, "unitPrice": 59.2, "unit": "l", "qty": 0.5 }
  },
  {
    "title": "Zalo Ultra Epleblomst",
    "subtitle": "500 ml",
    "category": { "sub": "Oppvask", "parent": "Tørkepapir og vaskemidler" },
    "price": { "price": 38.4, "unitPrice": 76.8, "unit": "l", "qty": 0.5 }
  },
  {
    "title": "Zalo Frisk Sitron",
    "subtitle": "500 ml",
    "category": { "sub": "Oppvask", "parent": "Tørkepapir og vaskemidler" },
    "price": { "price": 38.4, "unitPrice": 76.8, "unit": "l", "qty": 0.5 }
  },
  {
    "title": "Zalo Oppvaskspray",
    "subtitle": "500 ml",
    "category": { "sub": "Oppvask", "parent": "Tørkepapir og vaskemidler" },
    "price": { "price": 38, "unitPrice": 76, "unit": "l", "qty": 0.5 }
  },
  {
    "title": "Sunlight",
    "subtitle": "500 ml",
    "category": { "sub": "Oppvask", "parent": "Tørkepapir og vaskemidler" },
    "price": { "price": 30.4, "unitPrice": 60.8, "unit": "l", "qty": 0.5 }
  },
  {
    "title": "Klar Oppvaskmiddel",
    "subtitle": "500 ml",
    "category": { "sub": "Oppvask", "parent": "Tørkepapir og vaskemidler" },
    "price": { "price": 48.8, "unitPrice": 97.6, "unit": "l", "qty": 0.5 }
  },
  {
    "title": "Oppvaskmiddel Sitron",
    "subtitle": "0,5 l",
    "category": { "sub": "Oppvask", "parent": "Tørkepapir og vaskemidler" },
    "price": { "price": 11.9, "unitPrice": 23.8, "unit": "l", "qty": 0.5 }
  },
  {
    "title": "Neutral Håndoppvask",
    "subtitle": "0,5 l",
    "category": { "sub": "Oppvask", "parent": "Tørkepapir og vaskemidler" },
    "price": { "price": 29.8, "unitPrice": 59.6, "unit": "l", "qty": 0.5 }
  },
  {
    "title": "Oppvaskmiddel Sensitive",
    "subtitle": "Konsentrert, 0,5 l",
    "category": { "sub": "Oppvask", "parent": "Tørkepapir og vaskemidler" },
    "price": { "price": 23.6, "unitPrice": 47.2, "unit": "l", "qty": 0.5 }
  },
  {
    "title": "Håndsåpe",
    "subtitle": "Kjøkken, 300 ml",
    "category": { "sub": "Oppvask", "parent": "Tørkepapir og vaskemidler" },
    "price": { "price": 53.8, "unitPrice": 179.33, "unit": "l", "qty": 0.3 }
  },
  {
    "title": "Zalo Maskinrens",
    "subtitle": "2 stk",
    "category": { "sub": "Oppvask", "parent": "Tørkepapir og vaskemidler" },
    "price": { "price": 63.8, "unitPrice": 31.9, "unit": "stk", "qty": 2 }
  },
  {
    "title": "Oppvaskmaskinrens",
    "subtitle": "2 stk",
    "category": { "sub": "Oppvask", "parent": "Tørkepapir og vaskemidler" },
    "price": { "price": 49.9, "unitPrice": 24.95, "unit": "stk", "qty": 2 }
  },
  {
    "title": "Sun 3i1 Glans og Tørkemiddel",
    "subtitle": "Maskinvask, 350 ml",
    "category": { "sub": "Oppvask", "parent": "Tørkepapir og vaskemidler" },
    "price": { "price": 53.8, "unitPrice": 153.71, "unit": "l", "qty": 0.35 }
  },
  {
    "title": "Oppvaskbørste Trend",
    "subtitle": "Assortert Design, 1 stk",
    "category": { "sub": "Oppvask", "parent": "Tørkepapir og vaskemidler" },
    "price": { "price": 30.8, "unitPrice": 30.8, "unit": "stk", "qty": 1 }
  },
  {
    "title": "Design Oppvaskbørste",
    "subtitle": "Assortert Design, 1 stk",
    "category": { "sub": "Oppvask", "parent": "Tørkepapir og vaskemidler" },
    "price": { "price": 45.8, "unitPrice": 45.8, "unit": "stk", "qty": 1 }
  },
  {
    "title": "Kannerens",
    "subtitle": "20 tablett",
    "category": { "sub": "Oppvask", "parent": "Tørkepapir og vaskemidler" },
    "price": { "price": 49.4, "unitPrice": 2.47, "unit": "tablett", "qty": 20 }
  },
  {
    "title": "Oppvaskunderlag",
    "subtitle": "Gra, 1 stk",
    "category": { "sub": "Oppvask", "parent": "Tørkepapir og vaskemidler" },
    "price": { "price": 79.9, "unitPrice": 79.9, "unit": "stk", "qty": 1 }
  },
  {
    "title": "Rengjøringsmiddel keramisk topp",
    "subtitle": "1 stk",
    "category": { "sub": "Oppvask", "parent": "Tørkepapir og vaskemidler" },
    "price": { "price": 49.9, "unitPrice": 49.9, "unit": "stk", "qty": 1 }
  },
  {
    "title": "Neutral Hand dish Wash Soap",
    "subtitle": "500 ml",
    "category": { "sub": "Oppvask", "parent": "Tørkepapir og vaskemidler" },
    "price": { "price": 25.9, "unitPrice": 51.8, "unit": "l", "qty": 0.5 }
  },
  {
    "title": "Klorin Rengjøringsspray",
    "subtitle": "500 ml",
    "category": { "sub": "Vaskemidler", "parent": "Tørkepapir og vaskemidler" },
    "price": { "price": 52.5, "unitPrice": 105, "unit": "l", "qty": 0.5 }
  },
  {
    "title": "Klorin",
    "subtitle": "750 ml",
    "category": { "sub": "Vaskemidler", "parent": "Tørkepapir og vaskemidler" },
    "price": { "price": 24.6, "unitPrice": 32.8, "unit": "l", "qty": 0.75 }
  },
  {
    "title": "Klar Baderomsspray",
    "subtitle": "500 ml",
    "category": { "sub": "Vaskemidler", "parent": "Tørkepapir og vaskemidler" },
    "price": { "price": 52.4, "unitPrice": 104.8, "unit": "l", "qty": 0.5 }
  },
  {
    "title": "Allrent",
    "subtitle": "Frisk duft, 0,75 l",
    "category": { "sub": "Vaskemidler", "parent": "Tørkepapir og vaskemidler" },
    "price": { "price": 43.9, "unitPrice": 58.53, "unit": "l", "qty": 0.75 }
  },
  {
    "title": "Universalserviett Rengjøring",
    "subtitle": "48 stk",
    "category": { "sub": "Vaskemidler", "parent": "Tørkepapir og vaskemidler" },
    "price": { "price": 21, "unitPrice": 0.44, "unit": "stk", "qty": 47.73 }
  },
  {
    "title": "Easy Wipe",
    "subtitle": "Kjøkken, 60 stk",
    "category": { "sub": "Vaskemidler", "parent": "Tørkepapir og vaskemidler" },
    "price": { "price": 44.7, "unitPrice": 0.75, "unit": "stk", "qty": 59.6 }
  },
  {
    "title": "Easy Wipe",
    "subtitle": "Toalett og bad, 60 stk",
    "category": { "sub": "Vaskemidler", "parent": "Tørkepapir og vaskemidler" },
    "price": { "price": 47.4, "unitPrice": 0.79, "unit": "stk", "qty": 60 }
  },
  {
    "title": "Easy Wipe",
    "subtitle": "Glass og speil, 60 stk",
    "category": { "sub": "Vaskemidler", "parent": "Tørkepapir og vaskemidler" },
    "price": { "price": 44.7, "unitPrice": 0.75, "unit": "stk", "qty": 59.6 }
  },
  {
    "title": "Universalspray",
    "subtitle": "500 ml",
    "category": { "sub": "Vaskemidler", "parent": "Tørkepapir og vaskemidler" },
    "price": { "price": 20.1, "unitPrice": 40.2, "unit": "l", "qty": 0.5 }
  },
  {
    "title": "Baderomsspray",
    "subtitle": "500 ml",
    "category": { "sub": "Vaskemidler", "parent": "Tørkepapir og vaskemidler" },
    "price": { "price": 23.6, "unitPrice": 47.2, "unit": "l", "qty": 0.5 }
  },
  {
    "title": "Kjøkkenspray",
    "subtitle": "500 ml",
    "category": { "sub": "Vaskemidler", "parent": "Tørkepapir og vaskemidler" },
    "price": { "price": 26.1, "unitPrice": 52.2, "unit": "l", "qty": 0.5 }
  },
  {
    "title": "Universal",
    "subtitle": "500 ml",
    "category": { "sub": "Vaskemidler", "parent": "Tørkepapir og vaskemidler" },
    "price": { "price": 23.9, "unitPrice": 47.8, "unit": "l", "qty": 0.5 }
  },
  {
    "title": "Jif Universal Konsentrat",
    "subtitle": "Refill, 250 ml",
    "category": { "sub": "Vaskemidler", "parent": "Tørkepapir og vaskemidler" },
    "price": { "price": 25.2, "unitPrice": 100.8, "unit": "l", "qty": 0.25 }
  },
  {
    "title": "Baderom",
    "subtitle": "Spray, 500 ml",
    "category": { "sub": "Vaskemidler", "parent": "Tørkepapir og vaskemidler" },
    "price": { "price": 36.1, "unitPrice": 72.2, "unit": "l", "qty": 0.5 }
  },
  {
    "title": "Jif Baderom",
    "subtitle": "Refill, 500 ml",
    "category": { "sub": "Vaskemidler", "parent": "Tørkepapir og vaskemidler" },
    "price": { "price": 33, "unitPrice": 66, "unit": "l", "qty": 0.5 }
  },
  {
    "title": "Kjøkkenspray",
    "subtitle": "500 ml",
    "category": { "sub": "Vaskemidler", "parent": "Tørkepapir og vaskemidler" },
    "price": { "price": 37, "unitPrice": 74, "unit": "l", "qty": 0.5 }
  },
  {
    "title": "Ovn & Grill",
    "subtitle": "Spray, 500 ml",
    "category": { "sub": "Vaskemidler", "parent": "Tørkepapir og vaskemidler" },
    "price": { "price": 54.8, "unitPrice": 109.6, "unit": "l", "qty": 0.5 }
  },
  {
    "title": "Allrent Frisk Duft",
    "subtitle": "595 ml",
    "category": { "sub": "Vaskemidler", "parent": "Tørkepapir og vaskemidler" },
    "price": { "price": 32.6, "unitPrice": 54.79, "unit": "l", "qty": 0.59 }
  },
  {
    "title": "Engangsvåtmopp",
    "subtitle": "Baderom, 10 stk",
    "category": { "sub": "Vaskemidler", "parent": "Tørkepapir og vaskemidler" },
    "price": { "price": 89.9, "unitPrice": 8.99, "unit": "stk", "qty": 10 }
  },
  {
    "title": "Engangsvåtmopp",
    "subtitle": "Allrent, 10 stk",
    "category": { "sub": "Vaskemidler", "parent": "Tørkepapir og vaskemidler" },
    "price": { "price": 94.9, "unitPrice": 9.49, "unit": "stk", "qty": 10 }
  },
  {
    "title": "Engangsvåtmopp",
    "subtitle": "Krystal, 10 stk",
    "category": { "sub": "Vaskemidler", "parent": "Tørkepapir og vaskemidler" },
    "price": { "price": 89.8, "unitPrice": 8.98, "unit": "stk", "qty": 10 }
  },
  {
    "title": "Allrent Sitron",
    "subtitle": "595 ml",
    "category": { "sub": "Vaskemidler", "parent": "Tørkepapir og vaskemidler" },
    "price": { "price": 32.6, "unitPrice": 54.79, "unit": "l", "qty": 0.59 }
  },
  {
    "title": "Krystal Grønnsåpe",
    "subtitle": "Original, 750 ml",
    "category": { "sub": "Vaskemidler", "parent": "Tørkepapir og vaskemidler" },
    "price": { "price": 26.4, "unitPrice": 35.2, "unit": "l", "qty": 0.75 }
  },
  {
    "title": "Krystal Furunål",
    "subtitle": "750 ml",
    "category": { "sub": "Vaskemidler", "parent": "Tørkepapir og vaskemidler" },
    "price": { "price": 24.9, "unitPrice": 33.2, "unit": "l", "qty": 0.75 }
  },
  {
    "title": "Grønnsåpe",
    "subtitle": "1,5 l",
    "category": { "sub": "Vaskemidler", "parent": "Tørkepapir og vaskemidler" },
    "price": { "price": 15.8, "unitPrice": 10.53, "unit": "l", "qty": 1.5 }
  },
  {
    "title": "Universalrengjøring Sitron",
    "subtitle": "1 l",
    "category": { "sub": "Vaskemidler", "parent": "Tørkepapir og vaskemidler" },
    "price": { "price": 24.6, "unitPrice": 24.6, "unit": "l", "qty": 1 }
  },
  {
    "title": "Salmi rengjøring",
    "subtitle": "750 ml",
    "category": { "sub": "Vaskemidler", "parent": "Tørkepapir og vaskemidler" },
    "price": { "price": 26.4, "unitPrice": 35.2, "unit": "l", "qty": 0.75 }
  },
  {
    "title": "Jif WC Power Gel",
    "subtitle": "Uten klor, 750 ml",
    "category": { "sub": "Vaskemidler", "parent": "Tørkepapir og vaskemidler" },
    "price": { "price": 35.6, "unitPrice": 47.47, "unit": "l", "qty": 0.75 }
  },
  {
    "title": "Salmiakk",
    "subtitle": "1,5 l",
    "category": { "sub": "Vaskemidler", "parent": "Tørkepapir og vaskemidler" },
    "price": { "price": 18.7, "unitPrice": 12.47, "unit": "l", "qty": 1.5 }
  },
  {
    "title": "Prima Klor",
    "subtitle": "1,5 l",
    "category": { "sub": "Vaskemidler", "parent": "Tørkepapir og vaskemidler" },
    "price": { "price": 12.8, "unitPrice": 8.53, "unit": "l", "qty": 1.5 }
  },
  {
    "title": "Avløpsåpner",
    "subtitle": "Flytende, 595 ml",
    "category": { "sub": "Vaskemidler", "parent": "Tørkepapir og vaskemidler" },
    "price": { "price": 66.4, "unitPrice": 111.6, "unit": "l", "qty": 0.59 }
  },
  {
    "title": "Heavy Gel",
    "subtitle": "Avløpsåpner, 550 g",
    "category": { "sub": "Vaskemidler", "parent": "Tørkepapir og vaskemidler" },
    "price": { "price": 85.9, "unitPrice": 156.18, "unit": "kg", "qty": 0.55 }
  },
  {
    "title": "Plumbo",
    "subtitle": "Pulver, 600 g",
    "category": { "sub": "Vaskemidler", "parent": "Tørkepapir og vaskemidler" },
    "price": { "price": 62.8, "unitPrice": 104.67, "unit": "kg", "qty": 0.6 }
  },
  {
    "title": "Skurekrem Med Sitron",
    "subtitle": "500 ml",
    "category": { "sub": "Vaskemidler", "parent": "Tørkepapir og vaskemidler" },
    "price": { "price": 16, "unitPrice": 32, "unit": "l", "qty": 0.5 }
  },
  {
    "title": "Skurekrem",
    "subtitle": "Sitron, 500 ml",
    "category": { "sub": "Vaskemidler", "parent": "Tørkepapir og vaskemidler" },
    "price": { "price": 29, "unitPrice": 58, "unit": "l", "qty": 0.5 }
  },
  {
    "title": "Skurekrem",
    "subtitle": "500 ml",
    "category": { "sub": "Vaskemidler", "parent": "Tørkepapir og vaskemidler" },
    "price": { "price": 16.9, "unitPrice": 33.8, "unit": "l", "qty": 0.5 }
  },
  {
    "title": "Tørrmopp Støvmagnet",
    "subtitle": "Refill, 15 stk",
    "category": { "sub": "Vaskemidler", "parent": "Tørkepapir og vaskemidler" },
    "price": { "price": 91.8, "unitPrice": 6.12, "unit": "stk", "qty": 15 }
  },
  {
    "title": "Domestos WC Gel med Klor",
    "subtitle": "750 ml",
    "category": { "sub": "Vaskemidler", "parent": "Tørkepapir og vaskemidler" },
    "price": { "price": 32.4, "unitPrice": 43.2, "unit": "l", "qty": 0.75 }
  },
  {
    "title": "Domestos Total Blast Citrus",
    "subtitle": "750 ml",
    "category": { "sub": "Vaskemidler", "parent": "Tørkepapir og vaskemidler" },
    "price": { "price": 34.4, "unitPrice": 45.87, "unit": "l", "qty": 0.75 }
  },
  {
    "title": "Klorin Wc-Gel Med Klor",
    "subtitle": "750 ml",
    "category": { "sub": "Vaskemidler", "parent": "Tørkepapir og vaskemidler" },
    "price": { "price": 43.1, "unitPrice": 57.47, "unit": "l", "qty": 0.75 }
  },
  {
    "title": "Wc-Gel",
    "subtitle": "750 ml",
    "category": { "sub": "Vaskemidler", "parent": "Tørkepapir og vaskemidler" },
    "price": { "price": 25.1, "unitPrice": 33.47, "unit": "l", "qty": 0.75 }
  },
  {
    "title": "Wc Blått",
    "subtitle": "1 stk, 40 g",
    "category": { "sub": "Vaskemidler", "parent": "Tørkepapir og vaskemidler" },
    "price": { "price": 10.9, "unitPrice": 272.5, "unit": "kg", "qty": 0.04 }
  },
  {
    "title": "Wc-blokk",
    "subtitle": "3 stk",
    "category": { "sub": "Vaskemidler", "parent": "Tørkepapir og vaskemidler" },
    "price": { "price": 23.4, "unitPrice": 7.8, "unit": "stk", "qty": 3 }
  },
  {
    "title": "Cool Mist Toalettblokk",
    "subtitle": "1 stk",
    "category": { "sub": "Vaskemidler", "parent": "Tørkepapir og vaskemidler" },
    "price": { "price": 30.8, "unitPrice": 30.8, "unit": "stk", "qty": 1 }
  },
  {
    "title": "Fresh Discs Breeze",
    "subtitle": "starterpack, 1 stk",
    "category": { "sub": "Vaskemidler", "parent": "Tørkepapir og vaskemidler" },
    "price": { "price": 43.8, "unitPrice": 43.8, "unit": "stk", "qty": 1 }
  },
  {
    "title": "Fresh Discs Lavendel",
    "subtitle": "starterpack 1 holder 1 refill, 1 stk",
    "category": { "sub": "Vaskemidler", "parent": "Tørkepapir og vaskemidler" },
    "price": { "price": 43.8, "unitPrice": 43.8, "unit": "stk", "qty": 1 }
  },
  {
    "title": "Fresh Rose Toalettblokk",
    "subtitle": "1 stk",
    "category": { "sub": "Vaskemidler", "parent": "Tørkepapir og vaskemidler" },
    "price": { "price": 24, "unitPrice": 24, "unit": "stk", "qty": 1 }
  },
  {
    "title": "Klorin Wc-Blokk med klor",
    "subtitle": "50 g",
    "category": { "sub": "Vaskemidler", "parent": "Tørkepapir og vaskemidler" },
    "price": { "price": 40.9, "unitPrice": 818, "unit": "kg", "qty": 0.05 }
  },
  {
    "title": "3 in 1 Block Citrus Fresh",
    "subtitle": "1 stk",
    "category": { "sub": "Vaskemidler", "parent": "Tørkepapir og vaskemidler" },
    "price": { "price": 30, "unitPrice": 30, "unit": "stk", "qty": 1 }
  },
  {
    "title": "3 in1 Block Ocean Fresh",
    "subtitle": "1 stk",
    "category": { "sub": "Vaskemidler", "parent": "Tørkepapir og vaskemidler" },
    "price": { "price": 30, "unitPrice": 30, "unit": "stk", "qty": 1 }
  },
  {
    "title": "Lavendel Duftblokk",
    "subtitle": "150 g",
    "category": { "sub": "Vaskemidler", "parent": "Tørkepapir og vaskemidler" },
    "price": { "price": 22.8, "unitPrice": 152, "unit": "kg", "qty": 0.15 }
  },
  {
    "title": "Glade Clean Linen Luftfrisk",
    "subtitle": "300 ml",
    "category": { "sub": "Vaskemidler", "parent": "Tørkepapir og vaskemidler" },
    "price": { "price": 44.6, "unitPrice": 148.67, "unit": "l", "qty": 0.3 }
  },
  {
    "title": "One Touch Lemon",
    "subtitle": "1 stk",
    "category": { "sub": "Vaskemidler", "parent": "Tørkepapir og vaskemidler" },
    "price": { "price": 45.2, "unitPrice": 45.2, "unit": "stk", "qty": 1 }
  },
  {
    "title": "Keramikkrent Rens",
    "subtitle": "200 ml",
    "category": { "sub": "Vaskemidler", "parent": "Tørkepapir og vaskemidler" },
    "price": { "price": 48.8, "unitPrice": 244, "unit": "l", "qty": 0.2 }
  },
  {
    "title": "Nylonvask Vaskemiddel",
    "subtitle": "Universalvaskekrem, 100 g",
    "category": { "sub": "Vaskemidler", "parent": "Tørkepapir og vaskemidler" },
    "price": { "price": 39.6, "unitPrice": 396, "unit": "kg", "qty": 0.1 }
  },
  {
    "title": "Jo-Ni Møbelpuss",
    "subtitle": "200 ml",
    "category": { "sub": "Vaskemidler", "parent": "Tørkepapir og vaskemidler" },
    "price": { "price": 97.9, "unitPrice": 489.5, "unit": "l", "qty": 0.2 }
  },
  {
    "title": "Kannerens",
    "subtitle": "20 tablett",
    "category": { "sub": "Vaskemidler", "parent": "Tørkepapir og vaskemidler" },
    "price": { "price": 49.4, "unitPrice": 2.47, "unit": "tablett", "qty": 20 }
  },
  {
    "title": "Feiesett",
    "subtitle": "Assorterte farger, 1 stk",
    "category": { "sub": "Vaskemidler", "parent": "Tørkepapir og vaskemidler" },
    "price": { "price": 40.5, "unitPrice": 40.5, "unit": "stk", "qty": 1 }
  },
  {
    "title": "Touch & Fresh",
    "subtitle": "Fresh Lemon Refill, 1 stk",
    "category": { "sub": "Vaskemidler", "parent": "Tørkepapir og vaskemidler" },
    "price": { "price": 26, "unitPrice": 26, "unit": "stk", "qty": 1 }
  },
  {
    "title": "Universalserviett Rengjøring",
    "subtitle": "48 stk",
    "category": {
      "sub": "Kluter, svamper og hansker",
      "parent": "Tørkepapir og vaskemidler"
    },
    "price": { "price": 21, "unitPrice": 0.44, "unit": "stk", "qty": 47.73 }
  },
  {
    "title": "Easy Wipe",
    "subtitle": "Toalett og bad, 60 stk",
    "category": {
      "sub": "Kluter, svamper og hansker",
      "parent": "Tørkepapir og vaskemidler"
    },
    "price": { "price": 47.4, "unitPrice": 0.79, "unit": "stk", "qty": 60 }
  },
  {
    "title": "Easy Wipe",
    "subtitle": "Kjøkken, 60 stk",
    "category": {
      "sub": "Kluter, svamper og hansker",
      "parent": "Tørkepapir og vaskemidler"
    },
    "price": { "price": 44.7, "unitPrice": 0.75, "unit": "stk", "qty": 59.6 }
  },
  {
    "title": "Engangsvåtmopp",
    "subtitle": "Krystal, 10 stk",
    "category": {
      "sub": "Kluter, svamper og hansker",
      "parent": "Tørkepapir og vaskemidler"
    },
    "price": { "price": 89.8, "unitPrice": 8.98, "unit": "stk", "qty": 10 }
  },
  {
    "title": "Engangsvåtmopp",
    "subtitle": "Allrent, 10 stk",
    "category": {
      "sub": "Kluter, svamper og hansker",
      "parent": "Tørkepapir og vaskemidler"
    },
    "price": { "price": 94.9, "unitPrice": 9.49, "unit": "stk", "qty": 10 }
  },
  {
    "title": "Engangsvåtmopp",
    "subtitle": "Baderom, 10 stk",
    "category": {
      "sub": "Kluter, svamper og hansker",
      "parent": "Tørkepapir og vaskemidler"
    },
    "price": { "price": 89.9, "unitPrice": 8.99, "unit": "stk", "qty": 10 }
  },
  {
    "title": "Universalklut",
    "subtitle": "10 stk",
    "category": {
      "sub": "Kluter, svamper og hansker",
      "parent": "Tørkepapir og vaskemidler"
    },
    "price": { "price": 17.1, "unitPrice": 1.71, "unit": "stk", "qty": 10 }
  },
  {
    "title": "Multisvamper",
    "subtitle": "10 stk",
    "category": {
      "sub": "Kluter, svamper og hansker",
      "parent": "Tørkepapir og vaskemidler"
    },
    "price": { "price": 14.3, "unitPrice": 1.43, "unit": "stk", "qty": 10 }
  },
  {
    "title": "Svamper",
    "subtitle": "2 stk",
    "category": {
      "sub": "Kluter, svamper og hansker",
      "parent": "Tørkepapir og vaskemidler"
    },
    "price": { "price": 20.9, "unitPrice": 10.45, "unit": "stk", "qty": 2 }
  },
  {
    "title": "Superklut",
    "subtitle": "Tilfeldig mønster, 2 stk",
    "category": {
      "sub": "Kluter, svamper og hansker",
      "parent": "Tørkepapir og vaskemidler"
    },
    "price": { "price": 45.2, "unitPrice": 22.6, "unit": "stk", "qty": 2 }
  },
  {
    "title": "Strikkeklut Bomull 2stk",
    "subtitle": "2 stk",
    "category": {
      "sub": "Kluter, svamper og hansker",
      "parent": "Tørkepapir og vaskemidler"
    },
    "price": { "price": 22.6, "unitPrice": 11.3, "unit": "stk", "qty": 2 }
  },
  {
    "title": "Mikrofiber Glassklut",
    "subtitle": "1 stk",
    "category": {
      "sub": "Kluter, svamper og hansker",
      "parent": "Tørkepapir og vaskemidler"
    },
    "price": { "price": 28.1, "unitPrice": 28.1, "unit": "stk", "qty": 1 }
  },
  {
    "title": "Mikrofiberklut Universal",
    "subtitle": "1 stk",
    "category": {
      "sub": "Kluter, svamper og hansker",
      "parent": "Tørkepapir og vaskemidler"
    },
    "price": { "price": 13.8, "unitPrice": 13.8, "unit": "stk", "qty": 1 }
  },
  {
    "title": "Mikrofiber Tørkehåndkle",
    "subtitle": "1 stk",
    "category": {
      "sub": "Kluter, svamper og hansker",
      "parent": "Tørkepapir og vaskemidler"
    },
    "price": { "price": 28.1, "unitPrice": 28.1, "unit": "stk", "qty": 1 }
  },
  {
    "title": "Kjøkkenklut Microfiber",
    "subtitle": "Assortert variant, 1 stk",
    "category": {
      "sub": "Kluter, svamper og hansker",
      "parent": "Tørkepapir og vaskemidler"
    },
    "price": { "price": 18.1, "unitPrice": 18.1, "unit": "stk", "qty": 1 }
  },
  {
    "title": "Mikrofiberklut Baderom",
    "subtitle": "1 stk",
    "category": {
      "sub": "Kluter, svamper og hansker",
      "parent": "Tørkepapir og vaskemidler"
    },
    "price": { "price": 43.1, "unitPrice": 43.1, "unit": "stk", "qty": 1 }
  },
  {
    "title": "Mikrofibergulvklut",
    "subtitle": "1 stk",
    "category": {
      "sub": "Kluter, svamper og hansker",
      "parent": "Tørkepapir og vaskemidler"
    },
    "price": { "price": 53.1, "unitPrice": 53.1, "unit": "stk", "qty": 1 }
  },
  {
    "title": "Prima Gulvklut",
    "subtitle": "3 stk",
    "category": {
      "sub": "Kluter, svamper og hansker",
      "parent": "Tørkepapir og vaskemidler"
    },
    "price": { "price": 24.9, "unitPrice": 8.3, "unit": "stk", "qty": 3 }
  },
  {
    "title": "Mikrofiber Chiffoklut",
    "subtitle": "5 stk",
    "category": {
      "sub": "Kluter, svamper og hansker",
      "parent": "Tørkepapir og vaskemidler"
    },
    "price": { "price": 17.8, "unitPrice": 3.56, "unit": "stk", "qty": 5 }
  },
  {
    "title": "Stålullpads",
    "subtitle": "10 stk",
    "category": {
      "sub": "Kluter, svamper og hansker",
      "parent": "Tørkepapir og vaskemidler"
    },
    "price": { "price": 21, "unitPrice": 2.1, "unit": "stk", "qty": 10 }
  },
  {
    "title": "Gummihansker",
    "subtitle": "Medium, 2 par, 2 stk",
    "category": {
      "sub": "Kluter, svamper og hansker",
      "parent": "Tørkepapir og vaskemidler"
    },
    "price": { "price": 17, "unitPrice": 8.5, "unit": "stk", "qty": 2 }
  },
  {
    "title": "Gummihansker",
    "subtitle": "Large, 2 par, 2 stk",
    "category": {
      "sub": "Kluter, svamper og hansker",
      "parent": "Tørkepapir og vaskemidler"
    },
    "price": { "price": 17.8, "unitPrice": 8.9, "unit": "stk", "qty": 2 }
  },
  {
    "title": "Plastbøtte",
    "subtitle": "Tilfeldig Farge, 10 liter, 1 stk",
    "category": {
      "sub": "Kluter, svamper og hansker",
      "parent": "Tørkepapir og vaskemidler"
    },
    "price": { "price": 20.1, "unitPrice": 20.1, "unit": "stk", "qty": 1 }
  },
  {
    "title": "Vindusnal",
    "subtitle": "33 cm, 1 stk",
    "category": {
      "sub": "Kluter, svamper og hansker",
      "parent": "Tørkepapir og vaskemidler"
    },
    "price": { "price": 34.2, "unitPrice": 34.2, "unit": "stk", "qty": 1 }
  },
  {
    "title": "Tørrmopp Støvmagnet",
    "subtitle": "Refill, 15 stk",
    "category": {
      "sub": "Kluter, svamper og hansker",
      "parent": "Tørkepapir og vaskemidler"
    },
    "price": { "price": 91.8, "unitPrice": 6.12, "unit": "stk", "qty": 15 }
  },
  {
    "title": "Avisningsklut fryser",
    "subtitle": "1 stk",
    "category": {
      "sub": "Kluter, svamper og hansker",
      "parent": "Tørkepapir og vaskemidler"
    },
    "price": { "price": 99.9, "unitPrice": 99.9, "unit": "stk", "qty": 1 }
  },
  {
    "title": "Kjøkkenhåndkle Grå/hvit",
    "subtitle": "4 stk",
    "category": {
      "sub": "Kluter, svamper og hansker",
      "parent": "Tørkepapir og vaskemidler"
    },
    "price": { "price": 59.9, "unitPrice": 14.98, "unit": "stk", "qty": 4 }
  },
  {
    "title": "Se og Hør",
    "subtitle": "1 stk",
    "category": { "sub": "Magasiner", "parent": "Magasiner og bøker" },
    "price": { "price": 55, "unitPrice": 55, "unit": "stk", "qty": 1 }
  },
  {
    "title": "Se og Hør Extra",
    "subtitle": "1 stk",
    "category": { "sub": "Magasiner", "parent": "Magasiner og bøker" },
    "price": { "price": 55, "unitPrice": 55, "unit": "stk", "qty": 1 }
  },
  {
    "title": "Hjemmet",
    "subtitle": "1 stk",
    "category": { "sub": "Magasiner", "parent": "Magasiner og bøker" },
    "price": { "price": 68.9, "unitPrice": 68.9, "unit": "stk", "qty": 1 }
  },
  {
    "title": "Donald Duck & Co",
    "subtitle": "1 stk",
    "category": { "sub": "Magasiner", "parent": "Magasiner og bøker" },
    "price": { "price": 54.9, "unitPrice": 54.9, "unit": "stk", "qty": 1 }
  },
  {
    "title": "Her og Nå",
    "subtitle": "1 stk",
    "category": { "sub": "Magasiner", "parent": "Magasiner og bøker" },
    "price": { "price": 46, "unitPrice": 46, "unit": "stk", "qty": 1 }
  },
  {
    "title": "Kamille",
    "subtitle": "1 stk",
    "category": { "sub": "Magasiner", "parent": "Magasiner og bøker" },
    "price": { "price": 98.9, "unitPrice": 98.9, "unit": "stk", "qty": 1 }
  },
  {
    "title": "Norsk Ukeblad",
    "subtitle": "1 stk",
    "category": { "sub": "Magasiner", "parent": "Magasiner og bøker" },
    "price": { "price": 59, "unitPrice": 59, "unit": "stk", "qty": 1 }
  },
  {
    "title": "Allers",
    "subtitle": "1 stk",
    "category": { "sub": "Magasiner", "parent": "Magasiner og bøker" },
    "price": { "price": 55, "unitPrice": 55, "unit": "stk", "qty": 1 }
  },
  {
    "title": "Elle",
    "subtitle": "1 stk",
    "category": { "sub": "Magasiner", "parent": "Magasiner og bøker" },
    "price": { "price": 89, "unitPrice": 89, "unit": "stk", "qty": 1 }
  },
  {
    "title": "KK",
    "subtitle": "1 stk",
    "category": { "sub": "Magasiner", "parent": "Magasiner og bøker" },
    "price": { "price": 95, "unitPrice": 95, "unit": "stk", "qty": 1 }
  },
  {
    "title": "Costume",
    "subtitle": "1 stk",
    "category": { "sub": "Magasiner", "parent": "Magasiner og bøker" },
    "price": { "price": 100, "unitPrice": 100, "unit": "stk", "qty": 1 }
  },
  {
    "title": "Vi Menn",
    "subtitle": "1 stk",
    "category": { "sub": "Magasiner", "parent": "Magasiner og bøker" },
    "price": { "price": 79.9, "unitPrice": 79.9, "unit": "stk", "qty": 1 }
  },
  {
    "title": "Comfy Tights 80 DEN",
    "subtitle": "Black, str. 40-44, 1 stk",
    "category": { "sub": "Strømpebukser", "parent": "Undertøy og strømper" },
    "price": { "price": 110.3, "unitPrice": 110.3, "unit": "stk", "qty": 1 }
  },
  {
    "title": "Comfy Tights 80 DEN",
    "subtitle": "Black, str. 44-48, 1 stk",
    "category": { "sub": "Strømpebukser", "parent": "Undertøy og strømper" },
    "price": { "price": 110.3, "unitPrice": 110.3, "unit": "stk", "qty": 1 }
  },
  {
    "title": "Basic Tights 40 DEN",
    "subtitle": "Black, str. 36-40, 2 stk",
    "category": { "sub": "Strømpebukser", "parent": "Undertøy og strømper" },
    "price": { "price": 98.9, "unitPrice": 49.45, "unit": "stk", "qty": 2 }
  },
  {
    "title": "Basic Tights 40 DEN",
    "subtitle": "Black, str. 40-44, 2 stk",
    "category": { "sub": "Strømpebukser", "parent": "Undertøy og strømper" },
    "price": { "price": 98.9, "unitPrice": 49.45, "unit": "stk", "qty": 2 }
  },
  {
    "title": "Basic Tights 40 DEN",
    "subtitle": "Black, str. 44-48, 2 stk",
    "category": { "sub": "Strømpebukser", "parent": "Undertøy og strømper" },
    "price": { "price": 98.9, "unitPrice": 49.45, "unit": "stk", "qty": 2 }
  },
  {
    "title": "Hold In 20 DEN",
    "subtitle": "Black, Str. 36-40, 1 stk",
    "category": { "sub": "Strømpebukser", "parent": "Undertøy og strømper" },
    "price": { "price": 98.9, "unitPrice": 98.9, "unit": "stk", "qty": 1 }
  },
  {
    "title": "Hold In 20 DEN",
    "subtitle": "Black, Str. 40-44, 1 stk",
    "category": { "sub": "Strømpebukser", "parent": "Undertøy og strømper" },
    "price": { "price": 98.9, "unitPrice": 98.9, "unit": "stk", "qty": 1 }
  },
  {
    "title": "Hold In 20 DEN",
    "subtitle": "Black, Str. 44-48, 1 stk",
    "category": { "sub": "Strømpebukser", "parent": "Undertøy og strømper" },
    "price": { "price": 98.9, "unitPrice": 98.9, "unit": "stk", "qty": 1 }
  },
  {
    "title": "Hold In 20 DEN",
    "subtitle": "Powder, str. 36-40, 1 stk",
    "category": { "sub": "Strømpebukser", "parent": "Undertøy og strømper" },
    "price": { "price": 98.9, "unitPrice": 98.9, "unit": "stk", "qty": 1 }
  },
  {
    "title": "Hold In 20 DEN",
    "subtitle": "Powder, str. 40-44, 1 stk",
    "category": { "sub": "Strømpebukser", "parent": "Undertøy og strømper" },
    "price": { "price": 98.9, "unitPrice": 98.9, "unit": "stk", "qty": 1 }
  },
  {
    "title": "Hold In 20 DEN",
    "subtitle": "Powder, str. 44-48, 1 stk",
    "category": { "sub": "Strømpebukser", "parent": "Undertøy og strømper" },
    "price": { "price": 98.9, "unitPrice": 98.9, "unit": "stk", "qty": 1 }
  },
  {
    "title": "Comfy Cotton Sokker",
    "subtitle": "Str. 37-40, 2 par",
    "category": { "sub": "Sokker", "parent": "Undertøy og strømper" },
    "price": { "price": 101.9, "unitPrice": 50.95, "unit": "par", "qty": 2 }
  },
  {
    "title": "Comfy Cotton Sokker",
    "subtitle": "Str. 41-45, 2 par",
    "category": { "sub": "Sokker", "parent": "Undertøy og strømper" },
    "price": { "price": 106.9, "unitPrice": 53.45, "unit": "par", "qty": 2 }
  },
  {
    "title": "Basic Socks",
    "subtitle": "Black, Str. 37-40, 5 par",
    "category": { "sub": "Sokker", "parent": "Undertøy og strømper" },
    "price": { "price": 72.9, "unitPrice": 14.58, "unit": "par", "qty": 5 }
  },
  {
    "title": "Basic Socks",
    "subtitle": "Black, Str. 41-45, 5 par",
    "category": { "sub": "Sokker", "parent": "Undertøy og strømper" },
    "price": { "price": 76.4, "unitPrice": 15.28, "unit": "par", "qty": 5 }
  },
  {
    "title": "Merino Ullsokker",
    "subtitle": "Str. 37-40, 1 stk",
    "category": { "sub": "Sokker", "parent": "Undertøy og strømper" },
    "price": { "price": 101.9, "unitPrice": 101.9, "unit": "stk", "qty": 1 }
  },
  {
    "title": "Wool Low Cut Sokker",
    "subtitle": "White, str. 41-45, 2 par",
    "category": { "sub": "Sokker", "parent": "Undertøy og strømper" },
    "price": { "price": 110.3, "unitPrice": 55.15, "unit": "par", "qty": 2 }
  },
  {
    "title": "Cotton Boxer Kids Boy",
    "subtitle": "Stripe, str. 98-104, 2 stk",
    "category": { "sub": "Undertøy", "parent": "Undertøy og strømper" },
    "price": { "price": 88.9, "unitPrice": 44.45, "unit": "stk", "qty": 2 }
  },
  {
    "title": "Cotton Boxer Kids Boy",
    "subtitle": "Stripe, str. 110-116, 2 stk",
    "category": { "sub": "Undertøy", "parent": "Undertøy og strømper" },
    "price": { "price": 88.1, "unitPrice": 44.05, "unit": "stk", "qty": 2 }
  },
  {
    "title": "Cotton Boxer Kids Boy",
    "subtitle": "Stripe, str. 122-128, 2 stk",
    "category": { "sub": "Undertøy", "parent": "Undertøy og strømper" },
    "price": { "price": 88.9, "unitPrice": 44.45, "unit": "stk", "qty": 2 }
  },
  {
    "title": "Cotton Boxer Kids Girl",
    "subtitle": "Stripe, str. 98-104, 2 stk",
    "category": { "sub": "Undertøy", "parent": "Undertøy og strømper" },
    "price": { "price": 88.1, "unitPrice": 44.05, "unit": "stk", "qty": 2 }
  },
  {
    "title": "Cotton Boxer Kids Girl",
    "subtitle": "Stripe, str. 110-116, 2 stk",
    "category": { "sub": "Undertøy", "parent": "Undertøy og strømper" },
    "price": { "price": 88.1, "unitPrice": 44.05, "unit": "stk", "qty": 2 }
  },
  {
    "title": "Cotton Boxer Kids Girl",
    "subtitle": "Stripe, str. 122-128, 2 stk",
    "category": { "sub": "Undertøy", "parent": "Undertøy og strømper" },
    "price": { "price": 88.1, "unitPrice": 44.05, "unit": "stk", "qty": 2 }
  },
  {
    "title": "Gots Boxer Men",
    "subtitle": "Black, str. M, 1 stk",
    "category": { "sub": "Undertøy", "parent": "Undertøy og strømper" },
    "price": { "price": 158.9, "unitPrice": 158.9, "unit": "stk", "qty": 1 }
  },
  {
    "title": "Gots Boxer Men",
    "subtitle": "Black, str. L, 1 stk",
    "category": { "sub": "Undertøy", "parent": "Undertøy og strømper" },
    "price": { "price": 158.9, "unitPrice": 158.9, "unit": "stk", "qty": 1 }
  },
  {
    "title": "Gots Boxer Men",
    "subtitle": "Black, str. XL, 1 stk",
    "category": { "sub": "Undertøy", "parent": "Undertøy og strømper" },
    "price": { "price": 158.9, "unitPrice": 158.9, "unit": "stk", "qty": 1 }
  },
  {
    "title": "Sports Boxer Men",
    "subtitle": "Black, str. M, 1 stk",
    "category": { "sub": "Undertøy", "parent": "Undertøy og strømper" },
    "price": { "price": 208.9, "unitPrice": 208.9, "unit": "stk", "qty": 1 }
  },
  {
    "title": "Sports Boxer Men",
    "subtitle": "Black, str. L, 1 stk",
    "category": { "sub": "Undertøy", "parent": "Undertøy og strømper" },
    "price": { "price": 210.6, "unitPrice": 210.6, "unit": "stk", "qty": 1 }
  },
  {
    "title": "Sports Boxer Men",
    "subtitle": "Black, str. XL, 1 stk",
    "category": { "sub": "Undertøy", "parent": "Undertøy og strømper" },
    "price": { "price": 210.6, "unitPrice": 210.6, "unit": "stk", "qty": 1 }
  },
  {
    "title": "Cotton Boxer",
    "subtitle": "Black, str. XL, 1 stk",
    "category": { "sub": "Undertøy", "parent": "Undertøy og strømper" },
    "price": { "price": 118.9, "unitPrice": 118.9, "unit": "stk", "qty": 1 }
  },
  {
    "title": "Invisible Micro Hipster Truse",
    "subtitle": "Black, str. S, 1 stk",
    "category": { "sub": "Undertøy", "parent": "Undertøy og strømper" },
    "price": { "price": 120.9, "unitPrice": 120.9, "unit": "stk", "qty": 1 }
  },
  {
    "title": "Invisible Micro Hipster Truse",
    "subtitle": "Black, str. M, 1 stk",
    "category": { "sub": "Undertøy", "parent": "Undertøy og strømper" },
    "price": { "price": 120.9, "unitPrice": 120.9, "unit": "stk", "qty": 1 }
  },
  {
    "title": "Micro High Waist Invisible Truse",
    "subtitle": "Black, str. S, 1 stk",
    "category": { "sub": "Undertøy", "parent": "Undertøy og strømper" },
    "price": { "price": 143.7, "unitPrice": 143.7, "unit": "stk", "qty": 1 }
  },
  {
    "title": "Micro High Waist Invisible Truse",
    "subtitle": "Black, str. M, 1 stk",
    "category": { "sub": "Undertøy", "parent": "Undertøy og strømper" },
    "price": { "price": 143.7, "unitPrice": 143.7, "unit": "stk", "qty": 1 }
  },
  {
    "title": "Micro High Waist Invisible Truse",
    "subtitle": "Black, str. L, 1 stk",
    "category": { "sub": "Undertøy", "parent": "Undertøy og strømper" },
    "price": { "price": 143.7, "unitPrice": 143.7, "unit": "stk", "qty": 1 }
  },
  {
    "title": "Sports Bra",
    "subtitle": "Burgundy, str. S, 1 stk",
    "category": { "sub": "Undertøy", "parent": "Undertøy og strømper" },
    "price": { "price": 333.2, "unitPrice": 333.2, "unit": "stk", "qty": 1 }
  },
  {
    "title": "Aluminiumsfolie",
    "subtitle": "29cm, 20 m",
    "category": { "sub": "Poser og folie", "parent": "Hus og hjem" },
    "price": { "price": 28.4, "unitPrice": 1.42, "unit": "m", "qty": 20 }
  },
  {
    "title": "Grillfolie",
    "subtitle": "44cm, 10 m",
    "category": { "sub": "Poser og folie", "parent": "Hus og hjem" },
    "price": { "price": 22.8, "unitPrice": 2.28, "unit": "m", "qty": 10 }
  },
  {
    "title": "Glad Aluminiumsfolie",
    "subtitle": "44 cm, 10 m",
    "category": { "sub": "Poser og folie", "parent": "Hus og hjem" },
    "price": { "price": 35.8, "unitPrice": 3.58, "unit": "m", "qty": 10 }
  },
  {
    "title": "Pizza & Bakeark",
    "subtitle": "18 stk",
    "category": { "sub": "Poser og folie", "parent": "Hus og hjem" },
    "price": { "price": 17.4, "unitPrice": 0.97, "unit": "stk", "qty": 17.94 }
  },
  {
    "title": "Bakepapir Rull",
    "subtitle": "20 m",
    "category": { "sub": "Poser og folie", "parent": "Hus og hjem" },
    "price": { "price": 29.9, "unitPrice": 1.5, "unit": "m", "qty": 19.93 }
  },
  {
    "title": "Sekk til Panteflasker",
    "subtitle": "5 stk",
    "category": { "sub": "Poser og folie", "parent": "Hus og hjem" },
    "price": { "price": 12.9, "unitPrice": 2.58, "unit": "stk", "qty": 5 }
  },
  {
    "title": "Brødpose",
    "subtitle": "6l, 100 stk",
    "category": { "sub": "Poser og folie", "parent": "Hus og hjem" },
    "price": { "price": 18.9, "unitPrice": 0.19, "unit": "stk", "qty": 99.47 }
  },
  {
    "title": "Lynlåspose",
    "subtitle": "3 l, 20 stk",
    "category": { "sub": "Poser og folie", "parent": "Hus og hjem" },
    "price": { "price": 21.7, "unitPrice": 1.09, "unit": "stk", "qty": 19.91 }
  },
  {
    "title": "Plastfolie",
    "subtitle": "60 m",
    "category": { "sub": "Poser og folie", "parent": "Hus og hjem" },
    "price": { "price": 36.8, "unitPrice": 0.61, "unit": "m", "qty": 60.33 }
  },
  {
    "title": "Glad Plastfolie",
    "subtitle": "50 m",
    "category": { "sub": "Poser og folie", "parent": "Hus og hjem" },
    "price": { "price": 32.8, "unitPrice": 0.66, "unit": "m", "qty": 49.7 }
  },
  {
    "title": "Plastfolie storpack",
    "subtitle": "150 m",
    "category": { "sub": "Poser og folie", "parent": "Hus og hjem" },
    "price": { "price": 59.9, "unitPrice": 0.4, "unit": "m", "qty": 149.75 }
  },
  {
    "title": "Matpapir",
    "subtitle": "50 m",
    "category": { "sub": "Poser og folie", "parent": "Hus og hjem" },
    "price": { "price": 25.1, "unitPrice": 0.5, "unit": "m", "qty": 50.2 }
  },
  {
    "title": "Mellomleggspapir",
    "subtitle": "12 x 8,5 cm, 1 stk",
    "category": { "sub": "Poser og folie", "parent": "Hus og hjem" },
    "price": { "price": 17.3, "unitPrice": 17.3, "unit": "stk", "qty": 1 }
  },
  {
    "title": "Stekeposer Ekstra Store",
    "subtitle": "2 stk",
    "category": { "sub": "Poser og folie", "parent": "Hus og hjem" },
    "price": { "price": 14.2, "unitPrice": 7.1, "unit": "stk", "qty": 2 }
  },
  {
    "title": "Stekepose Medium",
    "subtitle": "5 stk",
    "category": { "sub": "Poser og folie", "parent": "Hus og hjem" },
    "price": { "price": 17.1, "unitPrice": 3.42, "unit": "stk", "qty": 5 }
  },
  {
    "title": "Stekefolie Nonstick",
    "subtitle": "1 stk",
    "category": { "sub": "Poser og folie", "parent": "Hus og hjem" },
    "price": { "price": 59.9, "unitPrice": 59.9, "unit": "stk", "qty": 1 }
  },
  {
    "title": "Fryseposer",
    "subtitle": "2l, 50 stk",
    "category": { "sub": "Poser og folie", "parent": "Hus og hjem" },
    "price": { "price": 13.7, "unitPrice": 0.27, "unit": "stk", "qty": 50.74 }
  },
  {
    "title": "Frysepose",
    "subtitle": "6l, 30 stk",
    "category": { "sub": "Poser og folie", "parent": "Hus og hjem" },
    "price": { "price": 16.3, "unitPrice": 0.54, "unit": "stk", "qty": 30.19 }
  },
  {
    "title": "Frysepose",
    "subtitle": "4l, 40 stk",
    "category": { "sub": "Poser og folie", "parent": "Hus og hjem" },
    "price": { "price": 15.5, "unitPrice": 0.39, "unit": "stk", "qty": 39.74 }
  },
  {
    "title": "Isbitposer",
    "subtitle": "20 stk",
    "category": { "sub": "Poser og folie", "parent": "Hus og hjem" },
    "price": { "price": 26.3, "unitPrice": 1.32, "unit": "stk", "qty": 19.92 }
  },
  {
    "title": "Bleieposer",
    "subtitle": "45 stk",
    "category": { "sub": "Poser og folie", "parent": "Hus og hjem" },
    "price": { "price": 21.6, "unitPrice": 0.48, "unit": "stk", "qty": 45 }
  },
  {
    "title": "Hundeposer",
    "subtitle": "40 stk",
    "category": { "sub": "Poser og folie", "parent": "Hus og hjem" },
    "price": { "price": 15.1, "unitPrice": 0.38, "unit": "stk", "qty": 39.74 }
  },
  {
    "title": "Avfallspose med Snøring",
    "subtitle": "Klar, 20l, 30 stk",
    "category": { "sub": "Poser og folie", "parent": "Hus og hjem" },
    "price": { "price": 29.9, "unitPrice": 1, "unit": "stk", "qty": 29.9 }
  },
  {
    "title": "Avfallspose med Snøring",
    "subtitle": "Klar, 40l, 15 stk",
    "category": { "sub": "Poser og folie", "parent": "Hus og hjem" },
    "price": { "price": 29.9, "unitPrice": 1.99, "unit": "stk", "qty": 15.03 }
  },
  {
    "title": "Avfallssekk med Snørelukking Ekstra Kraftig",
    "subtitle": "125l, 6 stk",
    "category": { "sub": "Poser og folie", "parent": "Hus og hjem" },
    "price": { "price": 37.5, "unitPrice": 6.25, "unit": "stk", "qty": 6 }
  },
  {
    "title": "Tynne Avfallsposer 30l",
    "subtitle": "50 stk",
    "category": { "sub": "Poser og folie", "parent": "Hus og hjem" },
    "price": { "price": 28.1, "unitPrice": 0.56, "unit": "stk", "qty": 50.18 }
  },
  {
    "title": "Kildesorteringsposer til matavfall",
    "subtitle": "Rull med 40 poser, 1 stk",
    "category": { "sub": "Poser og folie", "parent": "Hus og hjem" },
    "price": { "price": 0, "unitPrice": 0, "unit": "stk", "qty": null }
  },
  {
    "title": "Kildesorteringsposer til plastemballasje",
    "subtitle": "Rull med 20 poser, 1 stk",
    "category": { "sub": "Poser og folie", "parent": "Hus og hjem" },
    "price": { "price": 0, "unitPrice": 0, "unit": "stk", "qty": null }
  },
  {
    "title": "Biobag Komposterbare Poser",
    "subtitle": "10l, 20 stk",
    "category": { "sub": "Poser og folie", "parent": "Hus og hjem" },
    "price": { "price": 29.9, "unitPrice": 1.5, "unit": "stk", "qty": 19.93 }
  },
  {
    "title": "Avfallsposer med Knytehåndtak",
    "subtitle": "30L, 20 stk",
    "category": { "sub": "Poser og folie", "parent": "Hus og hjem" },
    "price": { "price": 24.9, "unitPrice": 1.25, "unit": "stk", "qty": 19.92 }
  },
  {
    "title": "Avfallsekker 160L",
    "subtitle": "Ekstra Sterk, 10 stk",
    "category": { "sub": "Poser og folie", "parent": "Hus og hjem" },
    "price": { "price": 59.9, "unitPrice": 5.99, "unit": "stk", "qty": 10 }
  },
  {
    "title": "Avfallssekk 100L",
    "subtitle": "Sort, 10 stk",
    "category": { "sub": "Poser og folie", "parent": "Hus og hjem" },
    "price": { "price": 28.5, "unitPrice": 2.85, "unit": "stk", "qty": 10 }
  },
  {
    "title": "Avfallssekk 100L",
    "subtitle": "Klar, 10 stk",
    "category": { "sub": "Poser og folie", "parent": "Hus og hjem" },
    "price": { "price": 30.7, "unitPrice": 3.07, "unit": "stk", "qty": 10 }
  },
  {
    "title": "Vakumposer 2-pack",
    "subtitle": "1 stk",
    "category": { "sub": "Poser og folie", "parent": "Hus og hjem" },
    "price": { "price": 169.9, "unitPrice": 169.9, "unit": "stk", "qty": 1 }
  },
  {
    "title": "Hundeposer Asaklitt",
    "subtitle": "Bio, 80 stk",
    "category": { "sub": "Poser og folie", "parent": "Hus og hjem" },
    "price": { "price": 49.9, "unitPrice": 0.62, "unit": "stk", "qty": 80.48 }
  },
  {
    "title": "Kubbelys LED",
    "subtitle": "3-pack med fjernkontroll, 1 stk",
    "category": { "sub": "Levende lys", "parent": "Hus og hjem" },
    "price": { "price": 199.9, "unitPrice": 199.9, "unit": "stk", "qty": 1 }
  },
  {
    "title": "Telys",
    "subtitle": "6 timer, 50 stk",
    "category": { "sub": "Levende lys", "parent": "Hus og hjem" },
    "price": { "price": 41.1, "unitPrice": 0.82, "unit": "stk", "qty": 50.12 }
  },
  {
    "title": "Telys 8 Timer",
    "subtitle": "30 stk",
    "category": { "sub": "Levende lys", "parent": "Hus og hjem" },
    "price": { "price": 48.3, "unitPrice": 1.61, "unit": "stk", "qty": 30 }
  },
  {
    "title": "Telys Maxi",
    "subtitle": "10 Timer, 12 stk",
    "category": { "sub": "Levende lys", "parent": "Hus og hjem" },
    "price": { "price": 47.4, "unitPrice": 3.95, "unit": "stk", "qty": 12 }
  },
  {
    "title": "Telys Maxi Champagne",
    "subtitle": "4 stk",
    "category": { "sub": "Levende lys", "parent": "Hus og hjem" },
    "price": { "price": 34.7, "unitPrice": 8.68, "unit": "stk", "qty": 4 }
  },
  {
    "title": "Telys 100% stearin",
    "subtitle": "50 stk",
    "category": { "sub": "Levende lys", "parent": "Hus og hjem" },
    "price": { "price": 49.9, "unitPrice": 1, "unit": "stk", "qty": 49.9 }
  },
  {
    "title": "Prima Telys",
    "subtitle": "4 timer, 100 stk",
    "category": { "sub": "Levende lys", "parent": "Hus og hjem" },
    "price": { "price": 56.8, "unitPrice": 0.57, "unit": "stk", "qty": 99.65 }
  },
  {
    "title": "Kronelys Hvit",
    "subtitle": "24 cm, 10 stk",
    "category": { "sub": "Levende lys", "parent": "Hus og hjem" },
    "price": { "price": 51.6, "unitPrice": 5.16, "unit": "stk", "qty": 10 }
  },
  {
    "title": "Kronelys Champagne",
    "subtitle": "24 cm, 10 stk",
    "category": { "sub": "Levende lys", "parent": "Hus og hjem" },
    "price": { "price": 45.3, "unitPrice": 4.53, "unit": "stk", "qty": 10 }
  },
  {
    "title": "Kubbelys Ren Stearin",
    "subtitle": "7x15cm, 1 stk",
    "category": { "sub": "Levende lys", "parent": "Hus og hjem" },
    "price": { "price": 40.4, "unitPrice": 40.4, "unit": "stk", "qty": 1 }
  },
  {
    "title": "Telys led hvit",
    "subtitle": "3 stk",
    "category": { "sub": "Levende lys", "parent": "Hus og hjem" },
    "price": { "price": 39.9, "unitPrice": 13.3, "unit": "stk", "qty": 3 }
  },
  {
    "title": "Kubbelys Hvit",
    "subtitle": "7x15 cm, 1 stk",
    "category": { "sub": "Levende lys", "parent": "Hus og hjem" },
    "price": { "price": 32.6, "unitPrice": 32.6, "unit": "stk", "qty": 1 }
  },
  {
    "title": "Kubbelys Champagne",
    "subtitle": "7x15 cm, 1 stk",
    "category": { "sub": "Levende lys", "parent": "Hus og hjem" },
    "price": { "price": 41.1, "unitPrice": 41.1, "unit": "stk", "qty": 1 }
  },
  {
    "title": "Kubbelys Stearin",
    "subtitle": "7x10cm, 1 stk",
    "category": { "sub": "Levende lys", "parent": "Hus og hjem" },
    "price": { "price": 32.6, "unitPrice": 32.6, "unit": "stk", "qty": 1 }
  },
  {
    "title": "Kubbelys Hvit",
    "subtitle": "7x10 cm, 1 stk",
    "category": { "sub": "Levende lys", "parent": "Hus og hjem" },
    "price": { "price": 32.1, "unitPrice": 32.1, "unit": "stk", "qty": 1 }
  },
  {
    "title": "Kubbelys Lilla 4",
    "subtitle": "7x15 cm, 1 stk",
    "category": { "sub": "Levende lys", "parent": "Hus og hjem" },
    "price": { "price": 41.1, "unitPrice": 41.1, "unit": "stk", "qty": 1 }
  },
  {
    "title": "Kubbelys Lys Blå",
    "subtitle": "7x15 cm, 1 stk",
    "category": { "sub": "Levende lys", "parent": "Hus og hjem" },
    "price": { "price": 41.1, "unitPrice": 41.1, "unit": "stk", "qty": 1 }
  },
  {
    "title": "Kubbelys Dusty Coral",
    "subtitle": "7x15 cm, 1 stk",
    "category": { "sub": "Levende lys", "parent": "Hus og hjem" },
    "price": { "price": 41.1, "unitPrice": 41.1, "unit": "stk", "qty": 1 }
  },
  {
    "title": "Oljelys",
    "subtitle": "55 timer, 2 stk",
    "category": { "sub": "Levende lys", "parent": "Hus og hjem" },
    "price": { "price": 29.6, "unitPrice": 14.8, "unit": "stk", "qty": 2 }
  },
  {
    "title": "Fakler",
    "subtitle": "2 stk",
    "category": { "sub": "Levende lys", "parent": "Hus og hjem" },
    "price": { "price": 24.9, "unitPrice": 12.45, "unit": "stk", "qty": 2 }
  },
  {
    "title": "Mignonpære led E14 2W 136lm",
    "subtitle": "1 stk",
    "category": { "sub": "Lyspærer", "parent": "Hus og hjem" },
    "price": { "price": 39.9, "unitPrice": 39.9, "unit": "stk", "qty": 1 }
  },
  {
    "title": "LED-pære E14",
    "subtitle": "2w, Illum, 136lm, 2 stk",
    "category": { "sub": "Lyspærer", "parent": "Hus og hjem" },
    "price": { "price": 69.9, "unitPrice": 34.95, "unit": "stk", "qty": 2 }
  },
  {
    "title": "LED-pære E27",
    "subtitle": "6w, 2 stk",
    "category": { "sub": "Lyspærer", "parent": "Hus og hjem" },
    "price": { "price": 69.9, "unitPrice": 34.95, "unit": "stk", "qty": 2 }
  },
  {
    "title": "Illumpære led E14 2W 136lm",
    "subtitle": "1 stk",
    "category": { "sub": "Lyspærer", "parent": "Hus og hjem" },
    "price": { "price": 39.9, "unitPrice": 39.9, "unit": "stk", "qty": 1 }
  },
  {
    "title": "Led Osram Gu10 Dimbar 4,1w 230 Lm",
    "subtitle": "1 stk",
    "category": { "sub": "Lyspærer", "parent": "Hus og hjem" },
    "price": { "price": 99.9, "unitPrice": 99.9, "unit": "stk", "qty": 1 }
  },
  {
    "title": "LED-pære GU10",
    "subtitle": "4w, 230lm, 2 stk",
    "category": { "sub": "Lyspærer", "parent": "Hus og hjem" },
    "price": { "price": 79.9, "unitPrice": 39.95, "unit": "stk", "qty": 2 }
  },
  {
    "title": "Lyspære Led Classic",
    "subtitle": "75w, E27 Matt Normal Varmhvit, 1 stk",
    "category": { "sub": "Lyspærer", "parent": "Hus og hjem" },
    "price": { "price": 103.9, "unitPrice": 103.9, "unit": "stk", "qty": 1 }
  },
  {
    "title": "Lyspære Led",
    "subtitle": "50w, Gu5.3 Spot Varmhvit Dim, 1 stk",
    "category": { "sub": "Lyspærer", "parent": "Hus og hjem" },
    "price": { "price": 103.9, "unitPrice": 103.9, "unit": "stk", "qty": 1 }
  },
  {
    "title": "Lyspære Led Spot",
    "subtitle": "35w, Gu5.3, 12v Varmhvit, 1 stk",
    "category": { "sub": "Lyspærer", "parent": "Hus og hjem" },
    "price": { "price": 64.7, "unitPrice": 64.7, "unit": "stk", "qty": 1 }
  },
  {
    "title": "Lyspære Led",
    "subtitle": "20w, Gu4 Spotpære Varmhvit, 1 stk",
    "category": { "sub": "Lyspærer", "parent": "Hus og hjem" },
    "price": { "price": 85.7, "unitPrice": 85.7, "unit": "stk", "qty": 1 }
  },
  {
    "title": "Lyspære Led",
    "subtitle": "15w, E14 Deco T25 Matt, 1 stk",
    "category": { "sub": "Lyspærer", "parent": "Hus og hjem" },
    "price": { "price": 77.9, "unitPrice": 77.9, "unit": "stk", "qty": 1 }
  },
  {
    "title": "Lyspære Led Reflektor",
    "subtitle": "R63, 60w, E27 Varmhvit 36d Dim, 1 stk",
    "category": { "sub": "Lyspærer", "parent": "Hus og hjem" },
    "price": { "price": 108, "unitPrice": 108, "unit": "stk", "qty": 1 }
  },
  {
    "title": "Lyspære Led Reflektor",
    "subtitle": "R50, 60w, E14 Varmhvit 36d Dim, 1 stk",
    "category": { "sub": "Lyspærer", "parent": "Hus og hjem" },
    "price": { "price": 96.3, "unitPrice": 96.3, "unit": "stk", "qty": 1 }
  },
  {
    "title": "Lyspære Led",
    "subtitle": "35w, Gu10, 230v, 1 stk",
    "category": { "sub": "Lyspærer", "parent": "Hus og hjem" },
    "price": { "price": 55.4, "unitPrice": 55.4, "unit": "stk", "qty": 1 }
  },
  {
    "title": "Halogen",
    "subtitle": "Eco Linear 240w R7s Dimbar, 1 stk",
    "category": { "sub": "Lyspærer", "parent": "Hus og hjem" },
    "price": { "price": 62.4, "unitPrice": 62.4, "unit": "stk", "qty": 1 }
  },
  {
    "title": "Lysrør Master",
    "subtitle": "15w, Lengde 44cm, 1 stk",
    "category": { "sub": "Lyspærer", "parent": "Hus og hjem" },
    "price": { "price": 47.2, "unitPrice": 47.2, "unit": "stk", "qty": 1 }
  },
  {
    "title": "Digital LED Strip Light",
    "subtitle": "Til innendørs bruk, 3meter, 1 stk",
    "category": { "sub": "Lyspærer", "parent": "Hus og hjem" },
    "price": { "price": 399.9, "unitPrice": 399.9, "unit": "stk", "qty": 1 }
  },
  {
    "title": "Servietter Hvite",
    "subtitle": "40 cm, 100 stk",
    "category": { "sub": "Engangs og Servietter", "parent": "Hus og hjem" },
    "price": { "price": 48.7, "unitPrice": 0.49, "unit": "stk", "qty": 99.39 }
  },
  {
    "title": "Servietter Hvit",
    "subtitle": "33 cm, 50 stk",
    "category": { "sub": "Engangs og Servietter", "parent": "Hus og hjem" },
    "price": { "price": 30.7, "unitPrice": 0.61, "unit": "stk", "qty": 50.33 }
  },
  {
    "title": "Servietter Bordpakning",
    "subtitle": "Hvit & Grå, 75 stk",
    "category": { "sub": "Engangs og Servietter", "parent": "Hus og hjem" },
    "price": { "price": 32.6, "unitPrice": 0.43, "unit": "stk", "qty": 75.81 }
  },
  {
    "title": "Servietter Champagne",
    "subtitle": "50 stk",
    "category": { "sub": "Engangs og Servietter", "parent": "Hus og hjem" },
    "price": { "price": 34.5, "unitPrice": 0.69, "unit": "stk", "qty": 50 }
  },
  {
    "title": "Papptallerken Bursdag Assortert",
    "subtitle": "22 cm, 8 stk",
    "category": { "sub": "Engangs og Servietter", "parent": "Hus og hjem" },
    "price": { "price": 23.7, "unitPrice": 2.96, "unit": "stk", "qty": 8.01 }
  },
  {
    "title": "Papptallerken",
    "subtitle": "22 cm, 8 stk",
    "category": { "sub": "Engangs og Servietter", "parent": "Hus og hjem" },
    "price": { "price": 23.7, "unitPrice": 2.96, "unit": "stk", "qty": 8.01 }
  },
  {
    "title": "Papptallerken Firkantet",
    "subtitle": "23cm, 20 stk",
    "category": { "sub": "Engangs og Servietter", "parent": "Hus og hjem" },
    "price": { "price": 42.1, "unitPrice": 2.11, "unit": "stk", "qty": 19.95 }
  },
  {
    "title": "Papptallerken",
    "subtitle": "22 cm, 50 stk",
    "category": { "sub": "Engangs og Servietter", "parent": "Hus og hjem" },
    "price": { "price": 33.7, "unitPrice": 0.67, "unit": "stk", "qty": 50.3 }
  },
  {
    "title": "Papptallerken",
    "subtitle": "18 cm, 25 stk",
    "category": { "sub": "Engangs og Servietter", "parent": "Hus og hjem" },
    "price": { "price": 29.1, "unitPrice": 1.16, "unit": "stk", "qty": 25.09 }
  },
  {
    "title": "Papptallerken Dyp",
    "subtitle": "19 cm, 25 stk",
    "category": { "sub": "Engangs og Servietter", "parent": "Hus og hjem" },
    "price": { "price": 29.9, "unitPrice": 1.2, "unit": "stk", "qty": 24.92 }
  },
  {
    "title": "Shotglass",
    "subtitle": "4 cl, 30 stk",
    "category": { "sub": "Engangs og Servietter", "parent": "Hus og hjem" },
    "price": { "price": 30.1, "unitPrice": 1, "unit": "stk", "qty": 30.1 }
  },
  {
    "title": "Vinglass i Plast",
    "subtitle": "180 ml, 6 stk",
    "category": { "sub": "Engangs og Servietter", "parent": "Hus og hjem" },
    "price": { "price": 31.6, "unitPrice": 5.27, "unit": "stk", "qty": 6 }
  },
  {
    "title": "Champagneglass i Plast",
    "subtitle": "6 stk",
    "category": { "sub": "Engangs og Servietter", "parent": "Hus og hjem" },
    "price": { "price": 31.1, "unitPrice": 5.18, "unit": "stk", "qty": 6 }
  },
  {
    "title": "Ølglass Plast",
    "subtitle": "0,5l, 25 stk",
    "category": { "sub": "Engangs og Servietter", "parent": "Hus og hjem" },
    "price": { "price": 43.4, "unitPrice": 1.74, "unit": "stk", "qty": 24.94 }
  },
  {
    "title": "Drikkeglass Plast",
    "subtitle": "330 ml, 20 stk",
    "category": { "sub": "Engangs og Servietter", "parent": "Hus og hjem" },
    "price": { "price": 29.1, "unitPrice": 1.46, "unit": "stk", "qty": 19.93 }
  },
  {
    "title": "Kaffebeger",
    "subtitle": "350ml, 25 stk",
    "category": { "sub": "Engangs og Servietter", "parent": "Hus og hjem" },
    "price": { "price": 46.1, "unitPrice": 1.84, "unit": "stk", "qty": 25.05 }
  },
  {
    "title": "Kaffebeger Med Hank",
    "subtitle": "50 stk",
    "category": { "sub": "Engangs og Servietter", "parent": "Hus og hjem" },
    "price": { "price": 29.9, "unitPrice": 0.6, "unit": "stk", "qty": 49.83 }
  },
  {
    "title": "Drikkebeger",
    "subtitle": "200 ml, 80 stk",
    "category": { "sub": "Engangs og Servietter", "parent": "Hus og hjem" },
    "price": { "price": 31.2, "unitPrice": 0.39, "unit": "stk", "qty": 80 }
  },
  {
    "title": "Pappkopp",
    "subtitle": "250 ml, 8 stk",
    "category": { "sub": "Engangs og Servietter", "parent": "Hus og hjem" },
    "price": { "price": 17.9, "unitPrice": 2.24, "unit": "stk", "qty": 7.99 }
  },
  {
    "title": "Pappkopp Bursdag",
    "subtitle": "Assortert Variant, 250 ml, 8 stk",
    "category": { "sub": "Engangs og Servietter", "parent": "Hus og hjem" },
    "price": { "price": 17.9, "unitPrice": 2.24, "unit": "stk", "qty": 7.99 }
  },
  {
    "title": "Grillpinner i Bambus",
    "subtitle": "100 stk",
    "category": { "sub": "Engangs og Servietter", "parent": "Hus og hjem" },
    "price": { "price": 13.7, "unitPrice": 0.14, "unit": "stk", "qty": 97.86 }
  },
  {
    "title": "Skjeer i Plast",
    "subtitle": "50 stk",
    "category": { "sub": "Engangs og Servietter", "parent": "Hus og hjem" },
    "price": { "price": 27, "unitPrice": 0.54, "unit": "stk", "qty": 50 }
  },
  {
    "title": "Spisepinner",
    "subtitle": "8 par, 8 stk",
    "category": { "sub": "Engangs og Servietter", "parent": "Hus og hjem" },
    "price": { "price": 30.9, "unitPrice": 3.86, "unit": "stk", "qty": 8.01 }
  },
  {
    "title": "Bjørkepinner til Pinnekjøtt",
    "subtitle": "20 stk",
    "category": { "sub": "Engangs og Servietter", "parent": "Hus og hjem" },
    "price": { "price": 35.8, "unitPrice": 1.79, "unit": "stk", "qty": 20 }
  },
  {
    "title": "Muffinsformer Design",
    "subtitle": "50 stk",
    "category": { "sub": "Engangs og Servietter", "parent": "Hus og hjem" },
    "price": { "price": 37.2, "unitPrice": 0.74, "unit": "stk", "qty": 50.27 }
  },
  {
    "title": "Gafler Engangs I Tre",
    "subtitle": "20 stk, 20 stk",
    "category": { "sub": "Engangs og Servietter", "parent": "Hus og hjem" },
    "price": { "price": 19.9, "unitPrice": 1, "unit": "stk", "qty": 19.9 }
  },
  {
    "title": "Kniver Engangs i Tre",
    "subtitle": "20 stk, 1 stk",
    "category": { "sub": "Engangs og Servietter", "parent": "Hus og hjem" },
    "price": { "price": 19.9, "unitPrice": 19.9, "unit": "stk", "qty": 1 }
  },
  {
    "title": "Co-batteri AA",
    "subtitle": "LR06, 10 stk",
    "category": { "sub": "Batterier", "parent": "Hus og hjem" },
    "price": { "price": 39.9, "unitPrice": 3.99, "unit": "stk", "qty": 10 }
  },
  {
    "title": "Batteri AA12 Plus Power",
    "subtitle": "16 stk",
    "category": { "sub": "Batterier", "parent": "Hus og hjem" },
    "price": { "price": 124.1, "unitPrice": 7.76, "unit": "stk", "qty": 15.99 }
  },
  {
    "title": "Batterier Ultra Power",
    "subtitle": "AA, 4 stk",
    "category": { "sub": "Batterier", "parent": "Hus og hjem" },
    "price": { "price": 62.7, "unitPrice": 15.68, "unit": "stk", "qty": 4 }
  },
  {
    "title": "Batterier Plus Power",
    "subtitle": "AA, 4 stk",
    "category": { "sub": "Batterier", "parent": "Hus og hjem" },
    "price": { "price": 50.4, "unitPrice": 12.6, "unit": "stk", "qty": 4 }
  },
  {
    "title": "Batterier AA",
    "subtitle": "10 stk",
    "category": { "sub": "Batterier", "parent": "Hus og hjem" },
    "price": { "price": 32.6, "unitPrice": 3.26, "unit": "stk", "qty": 10 }
  },
  {
    "title": "Co-batteri AAA",
    "subtitle": "LR03, 10 stk",
    "category": { "sub": "Batterier", "parent": "Hus og hjem" },
    "price": { "price": 39.9, "unitPrice": 3.99, "unit": "stk", "qty": 10 }
  },
  {
    "title": "Batteri AAA Plus Power",
    "subtitle": "16 stk",
    "category": { "sub": "Batterier", "parent": "Hus og hjem" },
    "price": { "price": 102.1, "unitPrice": 6.38, "unit": "stk", "qty": 16 }
  },
  {
    "title": "Batteri AAA Plus Power",
    "subtitle": "4 stk",
    "category": { "sub": "Batterier", "parent": "Hus og hjem" },
    "price": { "price": 63.5, "unitPrice": 15.88, "unit": "stk", "qty": 4 }
  },
  {
    "title": "Batterier AAA",
    "subtitle": "Alkaliske, 10 stk",
    "category": { "sub": "Batterier", "parent": "Hus og hjem" },
    "price": { "price": 25.7, "unitPrice": 2.57, "unit": "stk", "qty": 10 }
  },
  {
    "title": "Co-batteri 9v",
    "subtitle": "1 stk",
    "category": { "sub": "Batterier", "parent": "Hus og hjem" },
    "price": { "price": 29.9, "unitPrice": 29.9, "unit": "stk", "qty": 1 }
  },
  {
    "title": "Batteri 9V Plus Power",
    "subtitle": "1 stk",
    "category": { "sub": "Batterier", "parent": "Hus og hjem" },
    "price": { "price": 44.9, "unitPrice": 44.9, "unit": "stk", "qty": 1 }
  },
  {
    "title": "Duracell Batteri Ultra Power",
    "subtitle": "9V, 1 stk",
    "category": { "sub": "Batterier", "parent": "Hus og hjem" },
    "price": { "price": 62.5, "unitPrice": 62.5, "unit": "stk", "qty": 1 }
  },
  {
    "title": "Batteri 9V",
    "subtitle": "Alkaliske, 1 stk",
    "category": { "sub": "Batterier", "parent": "Hus og hjem" },
    "price": { "price": 26.9, "unitPrice": 26.9, "unit": "stk", "qty": 1 }
  },
  {
    "title": "Co-batteri C/LR14",
    "subtitle": "2 stk",
    "category": { "sub": "Batterier", "parent": "Hus og hjem" },
    "price": { "price": 29.9, "unitPrice": 14.95, "unit": "stk", "qty": 2 }
  },
  {
    "title": "Batteri C Plus Power",
    "subtitle": "2 stk",
    "category": { "sub": "Batterier", "parent": "Hus og hjem" },
    "price": { "price": 48.7, "unitPrice": 24.35, "unit": "stk", "qty": 2 }
  },
  {
    "title": "Co-batteri D/LR20",
    "subtitle": "2 stk",
    "category": { "sub": "Batterier", "parent": "Hus og hjem" },
    "price": { "price": 29.9, "unitPrice": 14.95, "unit": "stk", "qty": 2 }
  },
  {
    "title": "Batteri D Plus Power",
    "subtitle": "2 stk",
    "category": { "sub": "Batterier", "parent": "Hus og hjem" },
    "price": { "price": 48.7, "unitPrice": 24.35, "unit": "stk", "qty": 2 }
  },
  {
    "title": "Batterier DLR 20 1,5V",
    "subtitle": "Alkaliske, 2 stk",
    "category": { "sub": "Batterier", "parent": "Hus og hjem" },
    "price": { "price": 27.4, "unitPrice": 13.7, "unit": "stk", "qty": 2 }
  },
  {
    "title": "Lithiumbatteri Cr2032",
    "subtitle": "5 stk",
    "category": { "sub": "Batterier", "parent": "Hus og hjem" },
    "price": { "price": 89.9, "unitPrice": 17.98, "unit": "stk", "qty": 5 }
  },
  {
    "title": "Batteri 2032 3V Lithium",
    "subtitle": "2 stk",
    "category": { "sub": "Batterier", "parent": "Hus og hjem" },
    "price": { "price": 44.9, "unitPrice": 22.45, "unit": "stk", "qty": 2 }
  },
  {
    "title": "Lithiumbatteri Cr2025",
    "subtitle": "5 stk",
    "category": { "sub": "Batterier", "parent": "Hus og hjem" },
    "price": { "price": 89.9, "unitPrice": 17.98, "unit": "stk", "qty": 5 }
  },
  {
    "title": "Batteri 2025 3V Lithium",
    "subtitle": "2 stk",
    "category": { "sub": "Batterier", "parent": "Hus og hjem" },
    "price": { "price": 51.4, "unitPrice": 25.7, "unit": "stk", "qty": 2 }
  },
  {
    "title": "Batteri 2016 3V Lithium",
    "subtitle": "2 stk",
    "category": { "sub": "Batterier", "parent": "Hus og hjem" },
    "price": { "price": 49.7, "unitPrice": 24.85, "unit": "stk", "qty": 2 }
  },
  {
    "title": "Batteri LR44 1,5V",
    "subtitle": "2 stk",
    "category": { "sub": "Batterier", "parent": "Hus og hjem" },
    "price": { "price": 53.7, "unitPrice": 26.85, "unit": "stk", "qty": 2 }
  },
  {
    "title": "Høreapparatbatteri 13",
    "subtitle": "6 stk",
    "category": { "sub": "Batterier", "parent": "Hus og hjem" },
    "price": { "price": 59.9, "unitPrice": 9.98, "unit": "stk", "qty": 6 }
  },
  {
    "title": "Høreapparatbatteri 312",
    "subtitle": "6 stk",
    "category": { "sub": "Batterier", "parent": "Hus og hjem" },
    "price": { "price": 59.9, "unitPrice": 9.98, "unit": "stk", "qty": 6 }
  },
  {
    "title": "Batteri MN21 A23",
    "subtitle": "2 stk",
    "category": { "sub": "Batterier", "parent": "Hus og hjem" },
    "price": { "price": 51.6, "unitPrice": 25.8, "unit": "stk", "qty": 2 }
  },
  {
    "title": "Lokk til Stor Makrellboks & Stor Leverpostei",
    "subtitle": "2 stk",
    "category": { "sub": "Kjøkkenredskap", "parent": "Hus og hjem" },
    "price": { "price": 36.8, "unitPrice": 18.4, "unit": "stk", "qty": 2 }
  },
  {
    "title": "Drikkeflaske Squezze 460ml",
    "subtitle": "Tilfeldig Farge, 1 stk",
    "category": { "sub": "Kjøkkenredskap", "parent": "Hus og hjem" },
    "price": { "price": 72.4, "unitPrice": 72.4, "unit": "stk", "qty": 1 }
  },
  {
    "title": "Sistema Drikkeflaske 475ml",
    "subtitle": "Tilfeldig Farge, 1 stk",
    "category": { "sub": "Kjøkkenredskap", "parent": "Hus og hjem" },
    "price": { "price": 82.9, "unitPrice": 82.9, "unit": "stk", "qty": 1 }
  },
  {
    "title": "Lunch Plus",
    "subtitle": "1.2l, Tilfeldig Farge, 1 stk",
    "category": { "sub": "Kjøkkenredskap", "parent": "Hus og hjem" },
    "price": { "price": 72.4, "unitPrice": 72.4, "unit": "stk", "qty": 1 }
  },
  {
    "title": "Lunch Cube To Go",
    "subtitle": "1,4l, 1 stk",
    "category": { "sub": "Kjøkkenredskap", "parent": "Hus og hjem" },
    "price": { "price": 82.9, "unitPrice": 82.9, "unit": "stk", "qty": 1 }
  },
  {
    "title": "Ostehøvel",
    "subtitle": "1 stk",
    "category": { "sub": "Kjøkkenredskap", "parent": "Hus og hjem" },
    "price": { "price": 54.8, "unitPrice": 54.8, "unit": "stk", "qty": 1 }
  },
  {
    "title": "Eggdeler Skiver og Båter",
    "subtitle": "1 stk",
    "category": { "sub": "Kjøkkenredskap", "parent": "Hus og hjem" },
    "price": { "price": 43.6, "unitPrice": 43.6, "unit": "stk", "qty": 1 }
  },
  {
    "title": "Hackit Kjøttdeighakker",
    "subtitle": "Assorterte Farger, 1 stk",
    "category": { "sub": "Kjøkkenredskap", "parent": "Hus og hjem" },
    "price": { "price": 96.8, "unitPrice": 96.8, "unit": "stk", "qty": 1 }
  },
  {
    "title": "Stekespade Nylon",
    "subtitle": "1 stk",
    "category": { "sub": "Kjøkkenredskap", "parent": "Hus og hjem" },
    "price": { "price": 34.7, "unitPrice": 34.7, "unit": "stk", "qty": 1 }
  },
  {
    "title": "Spiralvisp Nylon",
    "subtitle": "1 stk",
    "category": { "sub": "Kjøkkenredskap", "parent": "Hus og hjem" },
    "price": { "price": 40.1, "unitPrice": 40.1, "unit": "stk", "qty": 1 }
  },
  {
    "title": "Øse",
    "subtitle": "1 stk",
    "category": { "sub": "Kjøkkenredskap", "parent": "Hus og hjem" },
    "price": { "price": 47.2, "unitPrice": 47.2, "unit": "stk", "qty": 1 }
  },
  {
    "title": "Pizzahjul",
    "subtitle": "1 stk",
    "category": { "sub": "Kjøkkenredskap", "parent": "Hus og hjem" },
    "price": { "price": 37.5, "unitPrice": 37.5, "unit": "stk", "qty": 1 }
  },
  {
    "title": "Skreller Fast Blad",
    "subtitle": "1 stk",
    "category": { "sub": "Kjøkkenredskap", "parent": "Hus og hjem" },
    "price": { "price": 40.8, "unitPrice": 40.8, "unit": "stk", "qty": 1 }
  },
  {
    "title": "Slikkepott",
    "subtitle": "1 stk",
    "category": { "sub": "Kjøkkenredskap", "parent": "Hus og hjem" },
    "price": { "price": 40.8, "unitPrice": 40.8, "unit": "stk", "qty": 1 }
  },
  {
    "title": "Hvitløkspresse",
    "subtitle": "1 stk",
    "category": { "sub": "Kjøkkenredskap", "parent": "Hus og hjem" },
    "price": { "price": 66.4, "unitPrice": 66.4, "unit": "stk", "qty": 1 }
  },
  {
    "title": "Saks m/Softgrip",
    "subtitle": "1 stk",
    "category": { "sub": "Kjøkkenredskap", "parent": "Hus og hjem" },
    "price": { "price": 37.5, "unitPrice": 37.5, "unit": "stk", "qty": 1 }
  },
  {
    "title": "Målekannesett",
    "subtitle": "3 stk",
    "category": { "sub": "Kjøkkenredskap", "parent": "Hus og hjem" },
    "price": { "price": 83, "unitPrice": 27.67, "unit": "stk", "qty": 3 }
  },
  {
    "title": "Skjærebrett",
    "subtitle": "35x25 cm, 1 stk",
    "category": { "sub": "Kjøkkenredskap", "parent": "Hus og hjem" },
    "price": { "price": 62.8, "unitPrice": 62.8, "unit": "stk", "qty": 1 }
  },
  {
    "title": "Brødbakeform",
    "subtitle": "30 cm, 1 stk",
    "category": { "sub": "Kjøkkenredskap", "parent": "Hus og hjem" },
    "price": { "price": 92.4, "unitPrice": 92.4, "unit": "stk", "qty": 1 }
  },
  {
    "title": "Fryseboks",
    "subtitle": "0,5l, 1 stk",
    "category": { "sub": "Kjøkkenredskap", "parent": "Hus og hjem" },
    "price": { "price": 35.6, "unitPrice": 35.6, "unit": "stk", "qty": 1 }
  },
  {
    "title": "Fryse- og oppbevaringsboks",
    "subtitle": "1,2l, 1 stk",
    "category": { "sub": "Kjøkkenredskap", "parent": "Hus og hjem" },
    "price": { "price": 53.3, "unitPrice": 53.3, "unit": "stk", "qty": 1 }
  },
  {
    "title": "Frysebeger",
    "subtitle": "3 dl, 5 stk",
    "category": { "sub": "Kjøkkenredskap", "parent": "Hus og hjem" },
    "price": { "price": 36.8, "unitPrice": 7.36, "unit": "stk", "qty": 5 }
  },
  {
    "title": "Kaffetrakter Coline Svart",
    "subtitle": "1 stk",
    "category": { "sub": "Kjøkkenredskap", "parent": "Hus og hjem" },
    "price": { "price": 799, "unitPrice": 799, "unit": "stk", "qty": 1 }
  },
  {
    "title": "Smørbrødgrill Krups",
    "subtitle": "1 stk",
    "category": { "sub": "Kjøkkenredskap", "parent": "Hus og hjem" },
    "price": { "price": 499.9, "unitPrice": 499.9, "unit": "stk", "qty": 1 }
  },
  {
    "title": "Gryte 3.0l rustfri coline",
    "subtitle": "1 stk",
    "category": { "sub": "Kjøkkenredskap", "parent": "Hus og hjem" },
    "price": { "price": 299.9, "unitPrice": 299.9, "unit": "stk", "qty": 1 }
  },
  {
    "title": "Bestikksett 24 deler",
    "subtitle": "Rustfritt, 1 stk",
    "category": { "sub": "Kjøkkenredskap", "parent": "Hus og hjem" },
    "price": { "price": 349.9, "unitPrice": 349.9, "unit": "stk", "qty": 1 }
  },
  {
    "title": "Langform Coline",
    "subtitle": "1 stk",
    "category": { "sub": "Kjøkkenredskap", "parent": "Hus og hjem" },
    "price": { "price": 99.9, "unitPrice": 99.9, "unit": "stk", "qty": 1 }
  },
  {
    "title": "Matboks Glass",
    "subtitle": "1,5l, 1 stk",
    "category": { "sub": "Kjøkkenredskap", "parent": "Hus og hjem" },
    "price": { "price": 79.9, "unitPrice": 79.9, "unit": "stk", "qty": 1 }
  },
  {
    "title": "Brødkniv 20cm",
    "subtitle": "1 stk",
    "category": { "sub": "Kjøkkenredskap", "parent": "Hus og hjem" },
    "price": { "price": 199.9, "unitPrice": 199.9, "unit": "stk", "qty": 1 }
  },
  {
    "title": "Saksesett",
    "subtitle": "3 stk",
    "category": { "sub": "Kjøkkenredskap", "parent": "Hus og hjem" },
    "price": { "price": 99.9, "unitPrice": 33.3, "unit": "stk", "qty": 3 }
  },
  {
    "title": "Knivsliper",
    "subtitle": "1 stk",
    "category": { "sub": "Kjøkkenredskap", "parent": "Hus og hjem" },
    "price": { "price": 129.9, "unitPrice": 129.9, "unit": "stk", "qty": 1 }
  },
  {
    "title": "Sitruspresse",
    "subtitle": "1 stk",
    "category": { "sub": "Kjøkkenredskap", "parent": "Hus og hjem" },
    "price": { "price": 199.9, "unitPrice": 199.9, "unit": "stk", "qty": 1 }
  },
  {
    "title": "Klart lokk",
    "subtitle": "til kjøleskapoppbevaring M, 1 stk",
    "category": { "sub": "Kjøkkenredskap", "parent": "Hus og hjem" },
    "price": { "price": 29.9, "unitPrice": 29.9, "unit": "stk", "qty": 1 }
  },
  {
    "title": "Glasskrukke med lokk 1,0l",
    "subtitle": "1 stk",
    "category": { "sub": "Kjøkkenredskap", "parent": "Hus og hjem" },
    "price": { "price": 49.9, "unitPrice": 49.9, "unit": "stk", "qty": 1 }
  },
  {
    "title": "Rivjern",
    "subtitle": "1 stk",
    "category": { "sub": "Kjøkkenredskap", "parent": "Hus og hjem" },
    "price": { "price": 69.9, "unitPrice": 69.9, "unit": "stk", "qty": 1 }
  },
  {
    "title": "Klart lokk",
    "subtitle": "til kjøleskapoppbevaring XS, 1 stk",
    "category": { "sub": "Kjøkkenredskap", "parent": "Hus og hjem" },
    "price": { "price": 14.9, "unitPrice": 14.9, "unit": "stk", "qty": 1 }
  },
  {
    "title": "Eggdeler",
    "subtitle": "1 stk",
    "category": { "sub": "Kjøkkenredskap", "parent": "Hus og hjem" },
    "price": { "price": 49.9, "unitPrice": 49.9, "unit": "stk", "qty": 1 }
  },
  {
    "title": "Sodastream Pepsi Cola",
    "subtitle": "Konsentrat, 440 ml",
    "category": { "sub": "Kjøkkenredskap", "parent": "Hus og hjem" },
    "price": { "price": 99.9, "unitPrice": 227.05, "unit": "l", "qty": 0.44 }
  },
  {
    "title": "Sodastream 7Up Free Sitron",
    "subtitle": "Konsentrat, 440 ml",
    "category": { "sub": "Kjøkkenredskap", "parent": "Hus og hjem" },
    "price": { "price": 99.9, "unitPrice": 227.05, "unit": "l", "qty": 0.44 }
  },
  {
    "title": "Korketrekker",
    "subtitle": "1 stk",
    "category": { "sub": "Kjøkkenredskap", "parent": "Hus og hjem" },
    "price": { "price": 79.9, "unitPrice": 79.9, "unit": "stk", "qty": 1 }
  },
  {
    "title": "Ostehøvel Coline",
    "subtitle": "1 stk",
    "category": { "sub": "Kjøkkenredskap", "parent": "Hus og hjem" },
    "price": { "price": 39.9, "unitPrice": 39.9, "unit": "stk", "qty": 1 }
  },
  {
    "title": "Vannkoker",
    "subtitle": "1.0L, Rustfri, 1 stk",
    "category": { "sub": "Kjøkkenredskap", "parent": "Hus og hjem" },
    "price": { "price": 299.9, "unitPrice": 299.9, "unit": "stk", "qty": 1 }
  },
  {
    "title": "Blender Electrolux Esb2300",
    "subtitle": "1 stk",
    "category": { "sub": "Kjøkkenredskap", "parent": "Hus og hjem" },
    "price": { "price": 499.9, "unitPrice": 499.9, "unit": "stk", "qty": 1 }
  },
  {
    "title": "Bestikksett 24 deler",
    "subtitle": "Gullfarge, 1 stk",
    "category": { "sub": "Kjøkkenredskap", "parent": "Hus og hjem" },
    "price": { "price": 399.9, "unitPrice": 399.9, "unit": "stk", "qty": 1 }
  },
  {
    "title": "Kniver 4-pack",
    "subtitle": "1 stk",
    "category": { "sub": "Kjøkkenredskap", "parent": "Hus og hjem" },
    "price": { "price": 139.9, "unitPrice": 139.9, "unit": "stk", "qty": 1 }
  },
  {
    "title": "Kokkekniv Coline 20cm",
    "subtitle": "1 stk",
    "category": { "sub": "Kjøkkenredskap", "parent": "Hus og hjem" },
    "price": { "price": 199.9, "unitPrice": 199.9, "unit": "stk", "qty": 1 }
  },
  {
    "title": "Isbitform 16 biter",
    "subtitle": "1 stk",
    "category": { "sub": "Kjøkkenredskap", "parent": "Hus og hjem" },
    "price": { "price": 19.9, "unitPrice": 19.9, "unit": "stk", "qty": 1 }
  },
  {
    "title": "Luftfrityrkoker",
    "subtitle": "1 stk",
    "category": { "sub": "Kjøkkenredskap", "parent": "Hus og hjem" },
    "price": { "price": 799, "unitPrice": 799, "unit": "stk", "qty": 1 }
  },
  {
    "title": "Kjøleskapsoppbevaring for egg",
    "subtitle": "1 stk",
    "category": { "sub": "Kjøkkenredskap", "parent": "Hus og hjem" },
    "price": { "price": 79.9, "unitPrice": 79.9, "unit": "stk", "qty": 1 }
  },
  {
    "title": "Stekespade rustfritt stål",
    "subtitle": "29cm, 1 stk",
    "category": { "sub": "Kjøkkenredskap", "parent": "Hus og hjem" },
    "price": { "price": 49.9, "unitPrice": 49.9, "unit": "stk", "qty": 1 }
  },
  {
    "title": "Ekstra blad komfyr og glass-skrape",
    "subtitle": "1 stk",
    "category": { "sub": "Kjøkkenredskap", "parent": "Hus og hjem" },
    "price": { "price": 49.9, "unitPrice": 49.9, "unit": "stk", "qty": 1 }
  },
  {
    "title": "Vannkoker Coline Sort",
    "subtitle": "1 stk",
    "category": { "sub": "Kjøkkenredskap", "parent": "Hus og hjem" },
    "price": { "price": 399.9, "unitPrice": 399.9, "unit": "stk", "qty": 1 }
  },
  {
    "title": "Vispebolle",
    "subtitle": "4 liter plast, 1 stk",
    "category": { "sub": "Kjøkkenredskap", "parent": "Hus og hjem" },
    "price": { "price": 69.9, "unitPrice": 69.9, "unit": "stk", "qty": 1 }
  },
  {
    "title": "Komfyr og glass-skrape",
    "subtitle": "1 stk",
    "category": { "sub": "Kjøkkenredskap", "parent": "Hus og hjem" },
    "price": { "price": 89.9, "unitPrice": 89.9, "unit": "stk", "qty": 1 }
  },
  {
    "title": "Plastfolieautomat",
    "subtitle": "1 stk",
    "category": { "sub": "Kjøkkenredskap", "parent": "Hus og hjem" },
    "price": { "price": 269.9, "unitPrice": 269.9, "unit": "stk", "qty": 1 }
  },
  {
    "title": "Kaffemål metall",
    "subtitle": "1 stk",
    "category": { "sub": "Kjøkkenredskap", "parent": "Hus og hjem" },
    "price": { "price": 49.9, "unitPrice": 49.9, "unit": "stk", "qty": 1 }
  },
  {
    "title": "Ildfastform oval",
    "subtitle": "35 x 24 x 7 cm, 1 stk",
    "category": { "sub": "Kjøkkenredskap", "parent": "Hus og hjem" },
    "price": { "price": 99.9, "unitPrice": 99.9, "unit": "stk", "qty": 1 }
  },
  {
    "title": "Kjøkkenredskaper bøk",
    "subtitle": "30cm lende, 3 stk",
    "category": { "sub": "Kjøkkenredskap", "parent": "Hus og hjem" },
    "price": { "price": 69.9, "unitPrice": 23.3, "unit": "stk", "qty": 3 }
  },
  {
    "title": "Kaffekvern",
    "subtitle": "Molino, 1 stk",
    "category": { "sub": "Kjøkkenredskap", "parent": "Hus og hjem" },
    "price": { "price": 599, "unitPrice": 599, "unit": "stk", "qty": 1 }
  },
  {
    "title": "Brødrister 2 skiver",
    "subtitle": "Svart, 1 stk",
    "category": { "sub": "Kjøkkenredskap", "parent": "Hus og hjem" },
    "price": { "price": 169.9, "unitPrice": 169.9, "unit": "stk", "qty": 1 }
  },
  {
    "title": "Stavmikser, Svart",
    "subtitle": "1 stk",
    "category": { "sub": "Kjøkkenredskap", "parent": "Hus og hjem" },
    "price": { "price": 199.9, "unitPrice": 199.9, "unit": "stk", "qty": 1 }
  },
  {
    "title": "Presskanne Bistro Nouveau",
    "subtitle": "3 kopper, 1 stk",
    "category": { "sub": "Kjøkkenredskap", "parent": "Hus og hjem" },
    "price": { "price": 249.9, "unitPrice": 249.9, "unit": "stk", "qty": 1 }
  },
  {
    "title": "Kjevle bøk",
    "subtitle": "1 stk",
    "category": { "sub": "Kjøkkenredskap", "parent": "Hus og hjem" },
    "price": { "price": 99.9, "unitPrice": 99.9, "unit": "stk", "qty": 1 }
  },
  {
    "title": "Stekepanne Diamant",
    "subtitle": "28cm, 1 stk",
    "category": { "sub": "Kjøkkenredskap", "parent": "Hus og hjem" },
    "price": { "price": 249.9, "unitPrice": 249.9, "unit": "stk", "qty": 1 }
  },
  {
    "title": "Kjøleskapsoppbevaring for bokser",
    "subtitle": "1 stk",
    "category": { "sub": "Kjøkkenredskap", "parent": "Hus og hjem" },
    "price": { "price": 49.9, "unitPrice": 49.9, "unit": "stk", "qty": 1 }
  },
  {
    "title": "Paiform glass",
    "subtitle": "27cm, 1 stk",
    "category": { "sub": "Kjøkkenredskap", "parent": "Hus og hjem" },
    "price": { "price": 79.9, "unitPrice": 79.9, "unit": "stk", "qty": 1 }
  },
  {
    "title": "Epleskreller",
    "subtitle": "1 stk",
    "category": { "sub": "Kjøkkenredskap", "parent": "Hus og hjem" },
    "price": { "price": 269.9, "unitPrice": 269.9, "unit": "stk", "qty": 1 }
  },
  {
    "title": "Kjøleskapsoppbevaring M",
    "subtitle": "1 stk",
    "category": { "sub": "Kjøkkenredskap", "parent": "Hus og hjem" },
    "price": { "price": 59.9, "unitPrice": 59.9, "unit": "stk", "qty": 1 }
  },
  {
    "title": "Pizzakutter",
    "subtitle": "1 stk",
    "category": { "sub": "Kjøkkenredskap", "parent": "Hus og hjem" },
    "price": { "price": 39.9, "unitPrice": 39.9, "unit": "stk", "qty": 1 }
  },
  {
    "title": "Tesil med klype",
    "subtitle": "1 stk",
    "category": { "sub": "Kjøkkenredskap", "parent": "Hus og hjem" },
    "price": { "price": 39.9, "unitPrice": 39.9, "unit": "stk", "qty": 1 }
  },
  {
    "title": "Blender Bosch silentmix pro",
    "subtitle": "1 stk",
    "category": { "sub": "Kjøkkenredskap", "parent": "Hus og hjem" },
    "price": { "price": 1390, "unitPrice": 1390, "unit": "stk", "qty": 1 }
  },
  {
    "title": "Vaffeljern",
    "subtitle": "Dobbel, 1 stk",
    "category": { "sub": "Kjøkkenredskap", "parent": "Hus og hjem" },
    "price": { "price": 499.9, "unitPrice": 499.9, "unit": "stk", "qty": 1 }
  },
  {
    "title": "Kopipapir A4 500 ark",
    "subtitle": "1 stk",
    "category": { "sub": "Kontor", "parent": "Hus og hjem" },
    "price": { "price": 39.9, "unitPrice": 39.9, "unit": "stk", "qty": 1 }
  },
  {
    "title": "Kopipapir A4",
    "subtitle": "500 stk",
    "category": { "sub": "Kontor", "parent": "Hus og hjem" },
    "price": { "price": 65.2, "unitPrice": 0.13, "unit": "stk", "qty": 501.54 }
  },
  {
    "title": "Universallim Scotch",
    "subtitle": "1 stk",
    "category": { "sub": "Kontor", "parent": "Hus og hjem" },
    "price": { "price": 61.8, "unitPrice": 61.8, "unit": "stk", "qty": 1 }
  },
  {
    "title": "Scotch Tape Magic med Holder",
    "subtitle": "15m, 1 stk",
    "category": { "sub": "Kontor", "parent": "Hus og hjem" },
    "price": { "price": 35.2, "unitPrice": 35.2, "unit": "stk", "qty": 1 }
  },
  {
    "title": "Teipdispenser M/teip",
    "subtitle": "1 stk",
    "category": { "sub": "Kontor", "parent": "Hus og hjem" },
    "price": { "price": 39.9, "unitPrice": 39.9, "unit": "stk", "qty": 1 }
  },
  {
    "title": "Scotch Tape",
    "subtitle": "2 stk",
    "category": { "sub": "Kontor", "parent": "Hus og hjem" },
    "price": { "price": 39.9, "unitPrice": 19.95, "unit": "stk", "qty": 2 }
  },
  {
    "title": "Husholdningsteip 19mm",
    "subtitle": "3 stk",
    "category": { "sub": "Kontor", "parent": "Hus og hjem" },
    "price": { "price": 49.9, "unitPrice": 16.63, "unit": "stk", "qty": 3 }
  },
  {
    "title": "Gaffateip Basic Mattsvart",
    "subtitle": "1 stk",
    "category": { "sub": "Kontor", "parent": "Hus og hjem" },
    "price": { "price": 99.9, "unitPrice": 99.9, "unit": "stk", "qty": 1 }
  },
  {
    "title": "Strikk",
    "subtitle": "20 g",
    "category": { "sub": "Kontor", "parent": "Hus og hjem" },
    "price": { "price": 19.6, "unitPrice": 980, "unit": "kg", "qty": 0.02 }
  },
  {
    "title": "Viskelær",
    "subtitle": "2 stk",
    "category": { "sub": "Kontor", "parent": "Hus og hjem" },
    "price": { "price": 20.1, "unitPrice": 10.05, "unit": "stk", "qty": 2 }
  },
  {
    "title": "Trykkblyant",
    "subtitle": "0.7, 1 stk",
    "category": { "sub": "Kontor", "parent": "Hus og hjem" },
    "price": { "price": 24.8, "unitPrice": 24.8, "unit": "stk", "qty": 1 }
  },
  {
    "title": "Blyanter",
    "subtitle": "4 stk",
    "category": { "sub": "Kontor", "parent": "Hus og hjem" },
    "price": { "price": 19.1, "unitPrice": 4.78, "unit": "stk", "qty": 4 }
  },
  {
    "title": "Tusj Sort Penol",
    "subtitle": "1 stk",
    "category": { "sub": "Kontor", "parent": "Hus og hjem" },
    "price": { "price": 30.1, "unitPrice": 30.1, "unit": "stk", "qty": 1 }
  },
  {
    "title": "Fargeblyanter Jumbo",
    "subtitle": "10 stk",
    "category": { "sub": "Kontor", "parent": "Hus og hjem" },
    "price": { "price": 48.2, "unitPrice": 4.82, "unit": "stk", "qty": 10 }
  },
  {
    "title": "Notiskube 400 Ark",
    "subtitle": "1 stk",
    "category": { "sub": "Kontor", "parent": "Hus og hjem" },
    "price": { "price": 59.9, "unitPrice": 59.9, "unit": "stk", "qty": 1 }
  },
  {
    "title": "Post-it Blokk",
    "subtitle": "76x127 mm, 1 stk",
    "category": { "sub": "Kontor", "parent": "Hus og hjem" },
    "price": { "price": 34.2, "unitPrice": 34.2, "unit": "stk", "qty": 1 }
  },
  {
    "title": "Post-It Blokk Gul",
    "subtitle": "76x76mm, 1 stk",
    "category": { "sub": "Kontor", "parent": "Hus og hjem" },
    "price": { "price": 29.1, "unitPrice": 29.1, "unit": "stk", "qty": 1 }
  },
  {
    "title": "Spiralhefte Linjer A4",
    "subtitle": "80 ark, 1 stk",
    "category": { "sub": "Kontor", "parent": "Hus og hjem" },
    "price": { "price": 37.5, "unitPrice": 37.5, "unit": "stk", "qty": 1 }
  },
  {
    "title": "Spiralhefter Ruter A4",
    "subtitle": "80 ark, 1 stk",
    "category": { "sub": "Kontor", "parent": "Hus og hjem" },
    "price": { "price": 43.8, "unitPrice": 43.8, "unit": "stk", "qty": 1 }
  },
  {
    "title": "Notisblokk",
    "subtitle": "50 ark, 1 stk",
    "category": { "sub": "Kontor", "parent": "Hus og hjem" },
    "price": { "price": 24.2, "unitPrice": 24.2, "unit": "stk", "qty": 1 }
  },
  {
    "title": "Postblokken A5 med linjer",
    "subtitle": "50 ark, 1 stk",
    "category": { "sub": "Kontor", "parent": "Hus og hjem" },
    "price": { "price": 19.6, "unitPrice": 19.6, "unit": "stk", "qty": 1 }
  },
  {
    "title": "Tegneblokk",
    "subtitle": "40 ark, 1 stk",
    "category": { "sub": "Kontor", "parent": "Hus og hjem" },
    "price": { "price": 35.5, "unitPrice": 35.5, "unit": "stk", "qty": 1 }
  },
  {
    "title": "Notatblokk A5",
    "subtitle": "Hard plast, Assorterte farger, 1 stk",
    "category": { "sub": "Kontor", "parent": "Hus og hjem" },
    "price": { "price": 46.1, "unitPrice": 46.1, "unit": "stk", "qty": 1 }
  },
  {
    "title": "Konvolutter C5",
    "subtitle": "Hvit, 10 stk",
    "category": { "sub": "Kontor", "parent": "Hus og hjem" },
    "price": { "price": 24.9, "unitPrice": 2.49, "unit": "stk", "qty": 10 }
  },
  {
    "title": "Konvolutter C6",
    "subtitle": "Hvit, 20 stk",
    "category": { "sub": "Kontor", "parent": "Hus og hjem" },
    "price": { "price": 19.1, "unitPrice": 0.96, "unit": "stk", "qty": 19.9 }
  },
  {
    "title": "Korrektur Roller",
    "subtitle": "1 stk",
    "category": { "sub": "Kontor", "parent": "Hus og hjem" },
    "price": { "price": 26.2, "unitPrice": 26.2, "unit": "stk", "qty": 1 }
  },
  {
    "title": "Scotch Limstift",
    "subtitle": "2 stk",
    "category": { "sub": "Kontor", "parent": "Hus og hjem" },
    "price": { "price": 34.7, "unitPrice": 17.35, "unit": "stk", "qty": 2 }
  },
  {
    "title": "Binders",
    "subtitle": "100 stk",
    "category": { "sub": "Kontor", "parent": "Hus og hjem" },
    "price": { "price": 18.6, "unitPrice": 0.19, "unit": "stk", "qty": 97.89 }
  },
  {
    "title": "Saks m/Softgrip",
    "subtitle": "1 stk",
    "category": { "sub": "Kontor", "parent": "Hus og hjem" },
    "price": { "price": 37.5, "unitPrice": 37.5, "unit": "stk", "qty": 1 }
  },
  {
    "title": "12v USB Lader Micro-USB",
    "subtitle": "1 stk",
    "category": { "sub": "Kontor", "parent": "Hus og hjem" },
    "price": { "price": 159.9, "unitPrice": 159.9, "unit": "stk", "qty": 1 }
  },
  {
    "title": "Brilleservietter",
    "subtitle": "1 stk",
    "category": { "sub": "Kontor", "parent": "Hus og hjem" },
    "price": { "price": 39.9, "unitPrice": 39.9, "unit": "stk", "qty": 1 }
  },
  {
    "title": "Collegeblokk A4 Linjer",
    "subtitle": "3 stk",
    "category": { "sub": "Kontor", "parent": "Hus og hjem" },
    "price": { "price": 39.9, "unitPrice": 13.3, "unit": "stk", "qty": 3 }
  },
  {
    "title": "Collegeblokk A4 Ruter",
    "subtitle": "3 stk",
    "category": { "sub": "Kontor", "parent": "Hus og hjem" },
    "price": { "price": 39.9, "unitPrice": 13.3, "unit": "stk", "qty": 3 }
  },
  {
    "title": "Collegeblokk A5 Linjert",
    "subtitle": "3 stk",
    "category": { "sub": "Kontor", "parent": "Hus og hjem" },
    "price": { "price": 39.9, "unitPrice": 13.3, "unit": "stk", "qty": 3 }
  },
  {
    "title": "Collegeblokk A5 Rutet",
    "subtitle": "3 stk",
    "category": { "sub": "Kontor", "parent": "Hus og hjem" },
    "price": { "price": 39.9, "unitPrice": 13.3, "unit": "stk", "qty": 3 }
  },
  {
    "title": "HDMI-kabel",
    "subtitle": "2 meter, 1 stk",
    "category": { "sub": "Kontor", "parent": "Hus og hjem" },
    "price": { "price": 199.9, "unitPrice": 199.9, "unit": "stk", "qty": 1 }
  },
  {
    "title": "Powerbank Usb-c 10050mah",
    "subtitle": "1 stk",
    "category": { "sub": "Kontor", "parent": "Hus og hjem" },
    "price": { "price": 399.9, "unitPrice": 399.9, "unit": "stk", "qty": 1 }
  },
  {
    "title": "Hodetelefon med mikrofon",
    "subtitle": "Svart, 1 stk",
    "category": { "sub": "Kontor", "parent": "Hus og hjem" },
    "price": { "price": 119.9, "unitPrice": 119.9, "unit": "stk", "qty": 1 }
  },
  {
    "title": "Lesebrille + 1.50",
    "subtitle": "1 stk",
    "category": { "sub": "Kontor", "parent": "Hus og hjem" },
    "price": { "price": 99.9, "unitPrice": 99.9, "unit": "stk", "qty": 1 }
  },
  {
    "title": "Lesebrille + 2.00",
    "subtitle": "1 stk",
    "category": { "sub": "Kontor", "parent": "Hus og hjem" },
    "price": { "price": 99.9, "unitPrice": 99.9, "unit": "stk", "qty": 1 }
  },
  {
    "title": "Lesebrille + 2.50",
    "subtitle": "1 stk",
    "category": { "sub": "Kontor", "parent": "Hus og hjem" },
    "price": { "price": 99.9, "unitPrice": 99.9, "unit": "stk", "qty": 1 }
  },
  {
    "title": "Lightning V-lader 12v",
    "subtitle": "iPod/iPhone/iPad, 1 stk",
    "category": { "sub": "Kontor", "parent": "Hus og hjem" },
    "price": { "price": 199.9, "unitPrice": 199.9, "unit": "stk", "qty": 1 }
  },
  {
    "title": "Limstift 21 G",
    "subtitle": "1 stk",
    "category": { "sub": "Kontor", "parent": "Hus og hjem" },
    "price": { "price": 29.9, "unitPrice": 29.9, "unit": "stk", "qty": 1 }
  },
  {
    "title": "Micro USB-lader 230V",
    "subtitle": "1m, sort, 1 stk",
    "category": { "sub": "Kontor", "parent": "Hus og hjem" },
    "price": { "price": 159.9, "unitPrice": 159.9, "unit": "stk", "qty": 1 }
  },
  {
    "title": "Mini-DisplayPort til HDMI-adapter",
    "subtitle": "1 stk",
    "category": { "sub": "Kontor", "parent": "Hus og hjem" },
    "price": { "price": 349.9, "unitPrice": 349.9, "unit": "stk", "qty": 1 }
  },
  {
    "title": "Skjøteledning",
    "subtitle": "2m, Hvit, 1 stk",
    "category": { "sub": "Kontor", "parent": "Hus og hjem" },
    "price": { "price": 49.9, "unitPrice": 49.9, "unit": "stk", "qty": 1 }
  },
  {
    "title": "Skjøteledning 3m med jord",
    "subtitle": "1 stk",
    "category": { "sub": "Kontor", "parent": "Hus og hjem" },
    "price": { "price": 59.9, "unitPrice": 59.9, "unit": "stk", "qty": 1 }
  },
  {
    "title": "Synkkabel Lightning hvit",
    "subtitle": "iPod/iPhone/iPad, 1 stk",
    "category": { "sub": "Kontor", "parent": "Hus og hjem" },
    "price": { "price": 159.9, "unitPrice": 159.9, "unit": "stk", "qty": 1 }
  },
  {
    "title": "Synkkabel Micro-USB",
    "subtitle": "Hvit, 1 stk",
    "category": { "sub": "Kontor", "parent": "Hus og hjem" },
    "price": { "price": 149.9, "unitPrice": 149.9, "unit": "stk", "qty": 1 }
  },
  {
    "title": "Trådløs mus",
    "subtitle": "1 stk",
    "category": { "sub": "Kontor", "parent": "Hus og hjem" },
    "price": { "price": 139.9, "unitPrice": 139.9, "unit": "stk", "qty": 1 }
  },
  {
    "title": "Trådløst tastatur og mus",
    "subtitle": "1 stk",
    "category": { "sub": "Kontor", "parent": "Hus og hjem" },
    "price": { "price": 249.9, "unitPrice": 249.9, "unit": "stk", "qty": 1 }
  },
  {
    "title": "USB-A til USB-C-kabel",
    "subtitle": "1,8m, 1 stk",
    "category": { "sub": "Kontor", "parent": "Hus og hjem" },
    "price": { "price": 199.9, "unitPrice": 199.9, "unit": "stk", "qty": 1 }
  },
  {
    "title": "Usb-c Til Hdmi-adapter",
    "subtitle": "1 stk",
    "category": { "sub": "Kontor", "parent": "Hus og hjem" },
    "price": { "price": 299.9, "unitPrice": 299.9, "unit": "stk", "qty": 1 }
  },
  {
    "title": "USB-lader Lightning 230v",
    "subtitle": "iPod/iPhone/iPad, 1 stk",
    "category": { "sub": "Kontor", "parent": "Hus og hjem" },
    "price": { "price": 199.9, "unitPrice": 199.9, "unit": "stk", "qty": 1 }
  },
  {
    "title": "Stiftemaskin",
    "subtitle": "For 26/6 klammer, 1 stk",
    "category": { "sub": "Kontor", "parent": "Hus og hjem" },
    "price": { "price": 59.9, "unitPrice": 59.9, "unit": "stk", "qty": 1 }
  },
  {
    "title": "Tegneblokk FSC A4 50 ark",
    "subtitle": "1 stk",
    "category": { "sub": "Kontor", "parent": "Hus og hjem" },
    "price": { "price": 49.9, "unitPrice": 49.9, "unit": "stk", "qty": 1 }
  },
  {
    "title": "Hullemaskin",
    "subtitle": "30 ark, 1 stk",
    "category": { "sub": "Kontor", "parent": "Hus og hjem" },
    "price": { "price": 79.9, "unitPrice": 79.9, "unit": "stk", "qty": 1 }
  },
  {
    "title": "Notismix",
    "subtitle": "8 deler, 1 stk",
    "category": { "sub": "Kontor", "parent": "Hus og hjem" },
    "price": { "price": 69.9, "unitPrice": 69.9, "unit": "stk", "qty": 1 }
  },
  {
    "title": "Boblepose",
    "subtitle": "180x265mm, 10 stk",
    "category": { "sub": "Kontor", "parent": "Hus og hjem" },
    "price": { "price": 59.9, "unitPrice": 5.99, "unit": "stk", "qty": 10 }
  },
  {
    "title": "Kalkulator",
    "subtitle": "1 stk",
    "category": { "sub": "Kontor", "parent": "Hus og hjem" },
    "price": { "price": 69.9, "unitPrice": 69.9, "unit": "stk", "qty": 1 }
  },
  {
    "title": "Boblepose",
    "subtitle": "215x120mm, 10 stk",
    "category": { "sub": "Kontor", "parent": "Hus og hjem" },
    "price": { "price": 49.9, "unitPrice": 4.99, "unit": "stk", "qty": 10 }
  },
  {
    "title": "Boblepose",
    "subtitle": "360x270mm, 10 stk",
    "category": { "sub": "Kontor", "parent": "Hus og hjem" },
    "price": { "price": 69.9, "unitPrice": 6.99, "unit": "stk", "qty": 10 }
  },
  {
    "title": "Memotavle med penn",
    "subtitle": "1 stk",
    "category": { "sub": "Kontor", "parent": "Hus og hjem" },
    "price": { "price": 69.9, "unitPrice": 69.9, "unit": "stk", "qty": 1 }
  },
  {
    "title": "Klammer til Stiftemaskin 26/6",
    "subtitle": "1 stk",
    "category": { "sub": "Kontor", "parent": "Hus og hjem" },
    "price": { "price": 39.9, "unitPrice": 39.9, "unit": "stk", "qty": 1 }
  },
  {
    "title": "Id kortholder med jojo",
    "subtitle": "1 stk",
    "category": { "sub": "Kontor", "parent": "Hus og hjem" },
    "price": { "price": 89.9, "unitPrice": 89.9, "unit": "stk", "qty": 1 }
  },
  {
    "title": "Bobleplast",
    "subtitle": "20 m",
    "category": { "sub": "Kontor", "parent": "Hus og hjem" },
    "price": { "price": 99.9, "unitPrice": 5, "unit": "m", "qty": 19.98 }
  },
  {
    "title": "Tennvæske Blåtind",
    "subtitle": "1 l",
    "category": { "sub": "Diverse husholdning", "parent": "Hus og hjem" },
    "price": { "price": 27.2, "unitPrice": 27.2, "unit": "l", "qty": 1 }
  },
  {
    "title": "Spylervæske Selaclean",
    "subtitle": "3 l",
    "category": { "sub": "Diverse husholdning", "parent": "Hus og hjem" },
    "price": { "price": 43.5, "unitPrice": 14.5, "unit": "l", "qty": 3 }
  },
  {
    "title": "Lighter Flint",
    "subtitle": "1 stk",
    "category": { "sub": "Diverse husholdning", "parent": "Hus og hjem" },
    "price": { "price": 16.8, "unitPrice": 16.8, "unit": "stk", "qty": 1 }
  },
  {
    "title": "Peislighter",
    "subtitle": "1 stk",
    "category": { "sub": "Diverse husholdning", "parent": "Hus og hjem" },
    "price": { "price": 25.3, "unitPrice": 25.3, "unit": "stk", "qty": 1 }
  },
  {
    "title": "Fyrstikker",
    "subtitle": "8 stk",
    "category": { "sub": "Diverse husholdning", "parent": "Hus og hjem" },
    "price": { "price": 13.8, "unitPrice": 1.73, "unit": "stk", "qty": 7.98 }
  },
  {
    "title": "Peiskubbe",
    "subtitle": "4 stk",
    "category": { "sub": "Diverse husholdning", "parent": "Hus og hjem" },
    "price": { "price": 83.2, "unitPrice": 20.8, "unit": "stk", "qty": 4 }
  },
  {
    "title": "Opptenningsbriketter",
    "subtitle": "100 stk",
    "category": { "sub": "Diverse husholdning", "parent": "Hus og hjem" },
    "price": { "price": 50.1, "unitPrice": 0.5, "unit": "stk", "qty": 100.2 }
  },
  {
    "title": "Små Opptenningsfyrstikker",
    "subtitle": "20 stk",
    "category": { "sub": "Diverse husholdning", "parent": "Hus og hjem" },
    "price": { "price": 24.9, "unitPrice": 1.25, "unit": "stk", "qty": 19.92 }
  },
  {
    "title": "Lighter GS-1",
    "subtitle": "Assortert farge, 1 stk",
    "category": { "sub": "Diverse husholdning", "parent": "Hus og hjem" },
    "price": { "price": 16.8, "unitPrice": 16.8, "unit": "stk", "qty": 1 }
  },
  {
    "title": "Fyrstikker XL",
    "subtitle": "Ekstra Lange, 48 stk",
    "category": { "sub": "Diverse husholdning", "parent": "Hus og hjem" },
    "price": { "price": 15.4, "unitPrice": 0.32, "unit": "stk", "qty": 48.13 }
  },
  {
    "title": "Bjørkepinner til Pinnekjøtt",
    "subtitle": "20 stk",
    "category": { "sub": "Diverse husholdning", "parent": "Hus og hjem" },
    "price": { "price": 35.8, "unitPrice": 1.79, "unit": "stk", "qty": 20 }
  },
  {
    "title": "Kaffefilter Bleket",
    "subtitle": "Størrelse 4, 200 stk",
    "category": { "sub": "Diverse husholdning", "parent": "Hus og hjem" },
    "price": { "price": 24.2, "unitPrice": 0.12, "unit": "stk", "qty": 201.67 }
  },
  {
    "title": "Kaffefilter",
    "subtitle": "110mm, 250 stk",
    "category": { "sub": "Diverse husholdning", "parent": "Hus og hjem" },
    "price": { "price": 74.8, "unitPrice": 0.3, "unit": "stk", "qty": 249.33 }
  },
  {
    "title": "Kaffefilter",
    "subtitle": "90mm, 250 stk",
    "category": { "sub": "Diverse husholdning", "parent": "Hus og hjem" },
    "price": { "price": 63.3, "unitPrice": 0.25, "unit": "stk", "qty": 253.2 }
  },
  {
    "title": "Rensemiddel til kaffetrakter",
    "subtitle": "1 stk",
    "category": { "sub": "Diverse husholdning", "parent": "Hus og hjem" },
    "price": { "price": 43.9, "unitPrice": 43.9, "unit": "stk", "qty": 1 }
  },
  {
    "title": "Lampeolje Eksklusiv",
    "subtitle": "1 l",
    "category": { "sub": "Diverse husholdning", "parent": "Hus og hjem" },
    "price": { "price": 55.8, "unitPrice": 55.8, "unit": "l", "qty": 1 }
  },
  {
    "title": "Bomullshyssing",
    "subtitle": "80 g",
    "category": { "sub": "Diverse husholdning", "parent": "Hus og hjem" },
    "price": { "price": 20.1, "unitPrice": 251.25, "unit": "kg", "qty": 0.08 }
  },
  {
    "title": "Plastbøtte",
    "subtitle": "Tilfeldig Farge, 10 liter, 1 stk",
    "category": { "sub": "Diverse husholdning", "parent": "Hus og hjem" },
    "price": { "price": 20.1, "unitPrice": 20.1, "unit": "stk", "qty": 1 }
  },
  {
    "title": "Spisepinner",
    "subtitle": "8 par, 8 stk",
    "category": { "sub": "Diverse husholdning", "parent": "Hus og hjem" },
    "price": { "price": 30.9, "unitPrice": 3.86, "unit": "stk", "qty": 8.01 }
  },
  {
    "title": "Grillpinner i Bambus",
    "subtitle": "100 stk",
    "category": { "sub": "Diverse husholdning", "parent": "Hus og hjem" },
    "price": { "price": 13.7, "unitPrice": 0.14, "unit": "stk", "qty": 97.86 }
  },
  {
    "title": "Jo-Ni Møbelpuss",
    "subtitle": "200 ml",
    "category": { "sub": "Diverse husholdning", "parent": "Hus og hjem" },
    "price": { "price": 97.9, "unitPrice": 489.5, "unit": "l", "qty": 0.2 }
  },
  {
    "title": "Keramikkrent Rens",
    "subtitle": "200 ml",
    "category": { "sub": "Diverse husholdning", "parent": "Hus og hjem" },
    "price": { "price": 48.8, "unitPrice": 244, "unit": "l", "qty": 0.2 }
  },
  {
    "title": "Pussemiddel",
    "subtitle": "250 ml",
    "category": { "sub": "Diverse husholdning", "parent": "Hus og hjem" },
    "price": { "price": 38.1, "unitPrice": 152.4, "unit": "l", "qty": 0.25 }
  },
  {
    "title": "Klesklyper i Plast",
    "subtitle": "36 stk",
    "category": { "sub": "Diverse husholdning", "parent": "Hus og hjem" },
    "price": { "price": 27.8, "unitPrice": 0.77, "unit": "stk", "qty": 36.1 }
  },
  {
    "title": "Klesrulle Mini",
    "subtitle": "1 stk",
    "category": { "sub": "Diverse husholdning", "parent": "Hus og hjem" },
    "price": { "price": 35.8, "unitPrice": 35.8, "unit": "stk", "qty": 1 }
  },
  {
    "title": "Binders",
    "subtitle": "100 stk",
    "category": { "sub": "Diverse husholdning", "parent": "Hus og hjem" },
    "price": { "price": 18.6, "unitPrice": 0.19, "unit": "stk", "qty": 97.89 }
  },
  {
    "title": "Strikk",
    "subtitle": "20 g",
    "category": { "sub": "Diverse husholdning", "parent": "Hus og hjem" },
    "price": { "price": 19.6, "unitPrice": 980, "unit": "kg", "qty": 0.02 }
  },
  {
    "title": "Forgrener 4-veis med Bryter",
    "subtitle": "1 stk",
    "category": { "sub": "Diverse husholdning", "parent": "Hus og hjem" },
    "price": { "price": 90.8, "unitPrice": 90.8, "unit": "stk", "qty": 1 }
  },
  {
    "title": "Kiwi Parade Gloss Black Svamp",
    "subtitle": "50 ml",
    "category": { "sub": "Diverse husholdning", "parent": "Hus og hjem" },
    "price": { "price": 34.7, "unitPrice": 694, "unit": "l", "qty": 0.05 }
  },
  {
    "title": "Express Shine Sort Svamp",
    "subtitle": "7 ml",
    "category": { "sub": "Diverse husholdning", "parent": "Hus og hjem" },
    "price": { "price": 34.9, "unitPrice": 4985.71, "unit": "l", "qty": 0.01 }
  },
  {
    "title": "Extreme Impregnering",
    "subtitle": "200 ml",
    "category": { "sub": "Diverse husholdning", "parent": "Hus og hjem" },
    "price": { "price": 56.1, "unitPrice": 280.5, "unit": "l", "qty": 0.2 }
  },
  {
    "title": "Kakelys",
    "subtitle": "Assortert Variant, 24 stk",
    "category": { "sub": "Diverse husholdning", "parent": "Hus og hjem" },
    "price": { "price": 21.4, "unitPrice": 0.89, "unit": "stk", "qty": 24.04 }
  },
  {
    "title": "Yatzy i Eske",
    "subtitle": "Med 6 Terninger, 1 stk",
    "category": { "sub": "Diverse husholdning", "parent": "Hus og hjem" },
    "price": { "price": 41.1, "unitPrice": 41.1, "unit": "stk", "qty": 1 }
  },
  {
    "title": "Kortstokk",
    "subtitle": "1 stk",
    "category": { "sub": "Diverse husholdning", "parent": "Hus og hjem" },
    "price": { "price": 22.8, "unitPrice": 22.8, "unit": "stk", "qty": 1 }
  },
  {
    "title": "Feiesett",
    "subtitle": "Assorterte farger, 1 stk",
    "category": { "sub": "Diverse husholdning", "parent": "Hus og hjem" },
    "price": { "price": 40.5, "unitPrice": 40.5, "unit": "stk", "qty": 1 }
  },
  {
    "title": "2-veis Forgreningskontakt",
    "subtitle": "1 stk",
    "category": { "sub": "Diverse husholdning", "parent": "Hus og hjem" },
    "price": { "price": 49.9, "unitPrice": 49.9, "unit": "stk", "qty": 1 }
  },
  {
    "title": "Bitssett 31 deler",
    "subtitle": "Cotech, 1 stk",
    "category": { "sub": "Diverse husholdning", "parent": "Hus og hjem" },
    "price": { "price": 129.9, "unitPrice": 129.9, "unit": "stk", "qty": 1 }
  },
  {
    "title": "Selvheftende baderomskrok",
    "subtitle": "Dobbel, 1 stk",
    "category": { "sub": "Diverse husholdning", "parent": "Hus og hjem" },
    "price": { "price": 139.9, "unitPrice": 139.9, "unit": "stk", "qty": 1 }
  },
  {
    "title": "Dørhenger 4 kroker",
    "subtitle": "Hvit, 1 stk",
    "category": { "sub": "Diverse husholdning", "parent": "Hus og hjem" },
    "price": { "price": 79.9, "unitPrice": 79.9, "unit": "stk", "qty": 1 }
  },
  {
    "title": "Drikkeflaske Squezze 460ml",
    "subtitle": "Tilfeldig Farge, 1 stk",
    "category": { "sub": "Diverse husholdning", "parent": "Hus og hjem" },
    "price": { "price": 72.4, "unitPrice": 72.4, "unit": "stk", "qty": 1 }
  },
  {
    "title": "Elektrisk Barberhøvel Oneblade",
    "subtitle": "1 stk",
    "category": { "sub": "Diverse husholdning", "parent": "Hus og hjem" },
    "price": { "price": 349.9, "unitPrice": 349.9, "unit": "stk", "qty": 1 }
  },
  {
    "title": "Selvheftende baderomskrok",
    "subtitle": "Enkel, 1 stk",
    "category": { "sub": "Diverse husholdning", "parent": "Hus og hjem" },
    "price": { "price": 89.9, "unitPrice": 89.9, "unit": "stk", "qty": 1 }
  },
  {
    "title": "Fjernstrømbryter Nexa 3-pack",
    "subtitle": "1 stk",
    "category": { "sub": "Diverse husholdning", "parent": "Hus og hjem" },
    "price": { "price": 249.9, "unitPrice": 249.9, "unit": "stk", "qty": 1 }
  },
  {
    "title": "Frysetape",
    "subtitle": "25 m, 1 stk",
    "category": { "sub": "Diverse husholdning", "parent": "Hus og hjem" },
    "price": { "price": 34.4, "unitPrice": 34.4, "unit": "stk", "qty": 1 }
  },
  {
    "title": "Hammer 16oz",
    "subtitle": "1 stk",
    "category": { "sub": "Diverse husholdning", "parent": "Hus og hjem" },
    "price": { "price": 169.9, "unitPrice": 169.9, "unit": "stk", "qty": 1 }
  },
  {
    "title": "Håndstøvsuger",
    "subtitle": "7,2V, 1 stk",
    "category": { "sub": "Diverse husholdning", "parent": "Hus og hjem" },
    "price": { "price": 329.9, "unitPrice": 329.9, "unit": "stk", "qty": 1 }
  },
  {
    "title": "Hårføner",
    "subtitle": "Keratin, 1 stk",
    "category": { "sub": "Diverse husholdning", "parent": "Hus og hjem" },
    "price": { "price": 549, "unitPrice": 549, "unit": "stk", "qty": 1 }
  },
  {
    "title": "Heftepistol",
    "subtitle": "Cs140, Cocraft, 1 stk",
    "category": { "sub": "Diverse husholdning", "parent": "Hus og hjem" },
    "price": { "price": 249.9, "unitPrice": 249.9, "unit": "stk", "qty": 1 }
  },
  {
    "title": "Klammer Type 140 10mm",
    "subtitle": "650 stk",
    "category": { "sub": "Diverse husholdning", "parent": "Hus og hjem" },
    "price": { "price": 99.9, "unitPrice": 0.15, "unit": "stk", "qty": 666 }
  },
  {
    "title": "Kleshenger",
    "subtitle": "Hvit, 8 stk",
    "category": { "sub": "Diverse husholdning", "parent": "Hus og hjem" },
    "price": { "price": 69.9, "unitPrice": 8.74, "unit": "stk", "qty": 8 }
  },
  {
    "title": "Kleshenger",
    "subtitle": "Svart, 8 stk",
    "category": { "sub": "Diverse husholdning", "parent": "Hus og hjem" },
    "price": { "price": 69.9, "unitPrice": 8.74, "unit": "stk", "qty": 8 }
  },
  {
    "title": "Klesklyper Tre",
    "subtitle": "24 stk",
    "category": { "sub": "Diverse husholdning", "parent": "Hus og hjem" },
    "price": { "price": 39.9, "unitPrice": 1.66, "unit": "stk", "qty": 24.04 }
  },
  {
    "title": "Lighter",
    "subtitle": "Zapp Rubber Flint, 1 stk",
    "category": { "sub": "Diverse husholdning", "parent": "Hus og hjem" },
    "price": { "price": 18.5, "unitPrice": 18.5, "unit": "stk", "qty": 1 }
  },
  {
    "title": "Limpatroner 7x100mm",
    "subtitle": "Transparent, 1 stk",
    "category": { "sub": "Diverse husholdning", "parent": "Hus og hjem" },
    "price": { "price": 39.9, "unitPrice": 39.9, "unit": "stk", "qty": 1 }
  },
  {
    "title": "Limpistol grå",
    "subtitle": "1 stk",
    "category": { "sub": "Diverse husholdning", "parent": "Hus og hjem" },
    "price": { "price": 69.9, "unitPrice": 69.9, "unit": "stk", "qty": 1 }
  },
  {
    "title": "Lunch Cube To Go",
    "subtitle": "1,4l, 1 stk",
    "category": { "sub": "Diverse husholdning", "parent": "Hus og hjem" },
    "price": { "price": 82.9, "unitPrice": 82.9, "unit": "stk", "qty": 1 }
  },
  {
    "title": "Lunch Plus",
    "subtitle": "1.2l, Tilfeldig Farge, 1 stk",
    "category": { "sub": "Diverse husholdning", "parent": "Hus og hjem" },
    "price": { "price": 72.4, "unitPrice": 72.4, "unit": "stk", "qty": 1 }
  },
  {
    "title": "Målebånd 5m",
    "subtitle": "Cocraft, 1 stk",
    "category": { "sub": "Diverse husholdning", "parent": "Hus og hjem" },
    "price": { "price": 119.9, "unitPrice": 119.9, "unit": "stk", "qty": 1 }
  },
  {
    "title": "Optisk brannvarsler",
    "subtitle": "2 stk",
    "category": { "sub": "Diverse husholdning", "parent": "Hus og hjem" },
    "price": { "price": 199.9, "unitPrice": 99.95, "unit": "stk", "qty": 2 }
  },
  {
    "title": "Paraply kompakt 103cm svart",
    "subtitle": "1 stk",
    "category": { "sub": "Diverse husholdning", "parent": "Hus og hjem" },
    "price": { "price": 79.9, "unitPrice": 79.9, "unit": "stk", "qty": 1 }
  },
  {
    "title": "Pedalbøtte",
    "subtitle": "3l, 1 stk",
    "category": { "sub": "Diverse husholdning", "parent": "Hus og hjem" },
    "price": { "price": 199.9, "unitPrice": 199.9, "unit": "stk", "qty": 1 }
  },
  {
    "title": "Personvekt Svart",
    "subtitle": "1 stk",
    "category": { "sub": "Diverse husholdning", "parent": "Hus og hjem" },
    "price": { "price": 219.9, "unitPrice": 219.9, "unit": "stk", "qty": 1 }
  },
  {
    "title": "Poseklemmer",
    "subtitle": "28 stk",
    "category": { "sub": "Diverse husholdning", "parent": "Hus og hjem" },
    "price": { "price": 39.9, "unitPrice": 1.43, "unit": "stk", "qty": 27.9 }
  },
  {
    "title": "Refill Tekstilrulle",
    "subtitle": "1 stk",
    "category": { "sub": "Diverse husholdning", "parent": "Hus og hjem" },
    "price": { "price": 29.9, "unitPrice": 29.9, "unit": "stk", "qty": 1 }
  },
  {
    "title": "Regnponcho",
    "subtitle": "Hvit, 1 stk",
    "category": { "sub": "Diverse husholdning", "parent": "Hus og hjem" },
    "price": { "price": 49.9, "unitPrice": 49.9, "unit": "stk", "qty": 1 }
  },
  {
    "title": "Regnponcho",
    "subtitle": "Transparent, 1 stk",
    "category": { "sub": "Diverse husholdning", "parent": "Hus og hjem" },
    "price": { "price": 49.9, "unitPrice": 49.9, "unit": "stk", "qty": 1 }
  },
  {
    "title": "Sistema Drikkeflaske 475ml",
    "subtitle": "Tilfeldig Farge, 1 stk",
    "category": { "sub": "Diverse husholdning", "parent": "Hus og hjem" },
    "price": { "price": 82.9, "unitPrice": 82.9, "unit": "stk", "qty": 1 }
  },
  {
    "title": "Skrue og pluggsett",
    "subtitle": "670 deler, 1 stk",
    "category": { "sub": "Diverse husholdning", "parent": "Hus og hjem" },
    "price": { "price": 149.9, "unitPrice": 149.9, "unit": "stk", "qty": 1 }
  },
  {
    "title": "Skrutrekkersett 7 deler",
    "subtitle": "Cocraft, 1 stk",
    "category": { "sub": "Diverse husholdning", "parent": "Hus og hjem" },
    "price": { "price": 209.9, "unitPrice": 209.9, "unit": "stk", "qty": 1 }
  },
  {
    "title": "Stakefjær 7,5m",
    "subtitle": "1 stk",
    "category": { "sub": "Diverse husholdning", "parent": "Hus og hjem" },
    "price": { "price": 69.9, "unitPrice": 69.9, "unit": "stk", "qty": 1 }
  },
  {
    "title": "Støvsugerpose",
    "subtitle": "S-bag, C1800, 1 stk",
    "category": { "sub": "Diverse husholdning", "parent": "Hus og hjem" },
    "price": { "price": 129.9, "unitPrice": 129.9, "unit": "stk", "qty": 1 }
  },
  {
    "title": "Strykejern Coline",
    "subtitle": "1 stk",
    "category": { "sub": "Diverse husholdning", "parent": "Hus og hjem" },
    "price": { "price": 349.9, "unitPrice": 349.9, "unit": "stk", "qty": 1 }
  },
  {
    "title": "Hundeposer",
    "subtitle": "40 stk",
    "category": { "sub": "Hundemat", "parent": "Dyremat" },
    "price": { "price": 15.1, "unitPrice": 0.38, "unit": "stk", "qty": 39.74 }
  },
  {
    "title": "Hundepølse",
    "subtitle": "500 g",
    "category": { "sub": "Hundemat", "parent": "Dyremat" },
    "price": { "price": 24.8, "unitPrice": 49.6, "unit": "kg", "qty": 0.5 }
  },
  {
    "title": "Hundepølse",
    "subtitle": "1 kg",
    "category": { "sub": "Hundemat", "parent": "Dyremat" },
    "price": { "price": 24.3, "unitPrice": 24.3, "unit": "kg", "qty": 1 }
  },
  {
    "title": "Welldone Biff Snack til Hund",
    "subtitle": "15 g",
    "category": { "sub": "Hundemat", "parent": "Dyremat" },
    "price": { "price": 19.6, "unitPrice": 1306.67, "unit": "kg", "qty": 0.01 }
  },
  {
    "title": "Welldone Kylling Snack til Hund",
    "subtitle": "15 g",
    "category": { "sub": "Hundemat", "parent": "Dyremat" },
    "price": { "price": 12.4, "unitPrice": 826.67, "unit": "kg", "qty": 0.01 }
  },
  {
    "title": "Dentastix Small",
    "subtitle": "28 stk, 440 g",
    "category": { "sub": "Hundemat", "parent": "Dyremat" },
    "price": { "price": 100.2, "unitPrice": 227.73, "unit": "kg", "qty": 0.44 }
  },
  {
    "title": "Dentastix Medium",
    "subtitle": "720g, 28 stk",
    "category": { "sub": "Hundemat", "parent": "Dyremat" },
    "price": { "price": 95.9, "unitPrice": 3.43, "unit": "stk", "qty": 27.96 }
  },
  {
    "title": "Dentastix Large",
    "subtitle": "28 stk, 1,08 kg",
    "category": { "sub": "Hundemat", "parent": "Dyremat" },
    "price": { "price": 192.5, "unitPrice": 178.24, "unit": "kg", "qty": 1.08 }
  },
  {
    "title": "Tyggeben Bigbite Hvit Rull",
    "subtitle": "Medium, 2 stk, 130 g",
    "category": { "sub": "Hundemat", "parent": "Dyremat" },
    "price": { "price": 33.1, "unitPrice": 254.62, "unit": "kg", "qty": 0.13 }
  },
  {
    "title": "Dentastix Small",
    "subtitle": "7 stk, 110 g",
    "category": { "sub": "Hundemat", "parent": "Dyremat" },
    "price": { "price": 41.8, "unitPrice": 380, "unit": "kg", "qty": 0.11 }
  },
  {
    "title": "Dentastix Medium",
    "subtitle": "7 stk, 180 g",
    "category": { "sub": "Hundemat", "parent": "Dyremat" },
    "price": { "price": 47.8, "unitPrice": 265.56, "unit": "kg", "qty": 0.18 }
  },
  {
    "title": "Dentastix Large",
    "subtitle": "7 stk, 270 g",
    "category": { "sub": "Hundemat", "parent": "Dyremat" },
    "price": { "price": 59.9, "unitPrice": 221.85, "unit": "kg", "qty": 0.27 }
  },
  {
    "title": "Jumbone Medium",
    "subtitle": "180 g",
    "category": { "sub": "Hundemat", "parent": "Dyremat" },
    "price": { "price": 34.2, "unitPrice": 190, "unit": "kg", "qty": 0.18 }
  },
  {
    "title": "Junior Kylling & Ris",
    "subtitle": "2,2 kg",
    "category": { "sub": "Hundemat", "parent": "Dyremat" },
    "price": { "price": 108.5, "unitPrice": 49.32, "unit": "kg", "qty": 2.2 }
  },
  {
    "title": "Small Dog Kyll & Ris",
    "subtitle": "2 kg",
    "category": { "sub": "Hundemat", "parent": "Dyremat" },
    "price": { "price": 106.8, "unitPrice": 53.4, "unit": "kg", "qty": 2 }
  },
  {
    "title": "Oksekjøtt",
    "subtitle": "3 kg",
    "category": { "sub": "Hundemat", "parent": "Dyremat" },
    "price": { "price": 115.9, "unitPrice": 38.63, "unit": "kg", "qty": 3 }
  },
  {
    "title": "My Dog Is Active",
    "subtitle": "Purina One, 1,5 kg",
    "category": { "sub": "Hundemat", "parent": "Dyremat" },
    "price": { "price": 95.2, "unitPrice": 63.47, "unit": "kg", "qty": 1.5 }
  },
  {
    "title": "Hundefôr Liten",
    "subtitle": "4 kg",
    "category": { "sub": "Hundemat", "parent": "Dyremat" },
    "price": { "price": 187, "unitPrice": 46.75, "unit": "kg", "qty": 4 }
  },
  {
    "title": "Hundefôr Valp",
    "subtitle": "1,5 kg",
    "category": { "sub": "Hundemat", "parent": "Dyremat" },
    "price": { "price": 82.1, "unitPrice": 54.73, "unit": "kg", "qty": 1.5 }
  },
  {
    "title": "Hundefôr Voksen",
    "subtitle": "4 kg",
    "category": { "sub": "Hundemat", "parent": "Dyremat" },
    "price": { "price": 167.8, "unitPrice": 41.95, "unit": "kg", "qty": 4 }
  },
  {
    "title": "Hundefôr Voksen",
    "subtitle": "9 kg",
    "category": { "sub": "Hundemat", "parent": "Dyremat" },
    "price": { "price": 302.3, "unitPrice": 33.59, "unit": "kg", "qty": 9 }
  },
  {
    "title": "Hundefôr Aktiv",
    "subtitle": "9 kg",
    "category": { "sub": "Hundemat", "parent": "Dyremat" },
    "price": { "price": 345.9, "unitPrice": 38.43, "unit": "kg", "qty": 9 }
  },
  {
    "title": "Classics Selection",
    "subtitle": "600 g",
    "category": { "sub": "Hundemat", "parent": "Dyremat" },
    "price": { "price": 55.8, "unitPrice": 93, "unit": "kg", "qty": 0.6 }
  },
  {
    "title": "Country Special Selection",
    "subtitle": "600 g",
    "category": { "sub": "Hundemat", "parent": "Dyremat" },
    "price": { "price": 52.8, "unitPrice": 88, "unit": "kg", "qty": 0.6 }
  },
  {
    "title": "Tørrfor Med Oksekjøtt",
    "subtitle": "1,5 kg",
    "category": { "sub": "Hundemat", "parent": "Dyremat" },
    "price": { "price": 72.4, "unitPrice": 48.27, "unit": "kg", "qty": 1.5 }
  },
  {
    "title": "Markies",
    "subtitle": "500 g",
    "category": { "sub": "Hundemat", "parent": "Dyremat" },
    "price": { "price": 32.8, "unitPrice": 65.6, "unit": "kg", "qty": 0.5 }
  },
  {
    "title": "Schmackos",
    "subtitle": "5 stk",
    "category": { "sub": "Hundemat", "parent": "Dyremat" },
    "price": { "price": 18.6, "unitPrice": 516.67, "unit": "kg", "qty": 0.04 }
  },
  {
    "title": "Cheesy Bites",
    "subtitle": "140 g",
    "category": { "sub": "Hundemat", "parent": "Dyremat" },
    "price": { "price": 39.8, "unitPrice": 284.29, "unit": "kg", "qty": 0.14 }
  },
  {
    "title": "Ranchos Kylling",
    "subtitle": "70 g",
    "category": { "sub": "Hundemat", "parent": "Dyremat" },
    "price": { "price": 44.7, "unitPrice": 638.57, "unit": "kg", "qty": 0.07 }
  },
  {
    "title": "Okse & Lever",
    "subtitle": "300 g",
    "category": { "sub": "Hundemat", "parent": "Dyremat" },
    "price": { "price": 34.4, "unitPrice": 114.67, "unit": "kg", "qty": 0.3 }
  },
  {
    "title": "Hundefisk",
    "subtitle": "100 g",
    "category": { "sub": "Hundemat", "parent": "Dyremat" },
    "price": { "price": 44.2, "unitPrice": 442, "unit": "kg", "qty": 0.1 }
  },
  {
    "title": "Griseører",
    "subtitle": "3 stk",
    "category": { "sub": "Hundemat", "parent": "Dyremat" },
    "price": { "price": 44.2, "unitPrice": 14.73, "unit": "stk", "qty": 3 }
  },
  {
    "title": "Adventuros Nuggets",
    "subtitle": "Boar Wild Flavour, 90 g",
    "category": { "sub": "Hundemat", "parent": "Dyremat" },
    "price": { "price": 21, "unitPrice": 233.33, "unit": "kg", "qty": 0.09 }
  },
  {
    "title": "Bones 3 in 1 Rull",
    "subtitle": "7 x 12cm, 225 g",
    "category": { "sub": "Hundemat", "parent": "Dyremat" },
    "price": { "price": 66.7, "unitPrice": 296.44, "unit": "kg", "qty": 0.23 }
  },
  {
    "title": "Bones 3 in 1 Rull",
    "subtitle": "3 x 25cm, 125 g",
    "category": { "sub": "Hundemat", "parent": "Dyremat" },
    "price": { "price": 60, "unitPrice": 480, "unit": "kg", "qty": 0.13 }
  },
  {
    "title": "Snacks med Kylling & And",
    "subtitle": "100 g",
    "category": { "sub": "Hundemat", "parent": "Dyremat" },
    "price": { "price": 33.1, "unitPrice": 331, "unit": "kg", "qty": 0.1 }
  },
  {
    "title": "Purina Adventuros Strips",
    "subtitle": "90 g",
    "category": { "sub": "Hundemat", "parent": "Dyremat" },
    "price": { "price": 21.8, "unitPrice": 242.22, "unit": "kg", "qty": 0.09 }
  },
  {
    "title": "Bestevenn Hundemat",
    "subtitle": "5 kg",
    "category": { "sub": "Hundemat", "parent": "Dyremat" },
    "price": { "price": 68.2, "unitPrice": 13.64, "unit": "kg", "qty": 5 }
  },
  {
    "title": "Hundemat m/Okse",
    "subtitle": "300 g",
    "category": { "sub": "Hundemat", "parent": "Dyremat" },
    "price": { "price": 12.6, "unitPrice": 42, "unit": "kg", "qty": 0.3 }
  },
  {
    "title": "Hundemat Oksekjøtt",
    "subtitle": "1,24 kg",
    "category": { "sub": "Hundemat", "parent": "Dyremat" },
    "price": { "price": 14.8, "unitPrice": 11.94, "unit": "kg", "qty": 1.24 }
  },
  {
    "title": "Aktivitetsball for hund",
    "subtitle": "Liten, 1 stk",
    "category": { "sub": "Hundemat", "parent": "Dyremat" },
    "price": { "price": 49.9, "unitPrice": 49.9, "unit": "stk", "qty": 1 }
  },
  {
    "title": "Aktivitetsball for hund",
    "subtitle": "Stor, 1 stk",
    "category": { "sub": "Hundemat", "parent": "Dyremat" },
    "price": { "price": 69.9, "unitPrice": 69.9, "unit": "stk", "qty": 1 }
  },
  {
    "title": "Dyreshampo sensitive",
    "subtitle": "250 ml",
    "category": { "sub": "Hundemat", "parent": "Dyremat" },
    "price": { "price": 69.9, "unitPrice": 279.6, "unit": "l", "qty": 0.25 }
  },
  {
    "title": "Hundematskål rustfri",
    "subtitle": "2 liter, 1 stk",
    "category": { "sub": "Hundemat", "parent": "Dyremat" },
    "price": { "price": 69.9, "unitPrice": 69.9, "unit": "stk", "qty": 1 }
  },
  {
    "title": "Hundeposer Asaklitt",
    "subtitle": "Bio, 80 stk",
    "category": { "sub": "Hundemat", "parent": "Dyremat" },
    "price": { "price": 49.9, "unitPrice": 0.62, "unit": "stk", "qty": 80.48 }
  },
  {
    "title": "Kyllingsnacks Til Hund",
    "subtitle": "70 g",
    "category": { "sub": "Hundemat", "parent": "Dyremat" },
    "price": { "price": 22.7, "unitPrice": 324.29, "unit": "kg", "qty": 0.07 }
  },
  {
    "title": "Pedigree Vital Kylling og Grønnsaker",
    "subtitle": "4 x 100g, 400 g",
    "category": { "sub": "Hundemat", "parent": "Dyremat" },
    "price": { "price": 24.8, "unitPrice": 62, "unit": "kg", "qty": 0.4 }
  },
  {
    "title": "Tyggebein Kylling",
    "subtitle": "10 cm, 3 stk",
    "category": { "sub": "Hundemat", "parent": "Dyremat" },
    "price": { "price": 36.7, "unitPrice": 12.23, "unit": "stk", "qty": 3 }
  },
  {
    "title": "Tyggepinner Kylling",
    "subtitle": "12cm, 6 stk",
    "category": { "sub": "Hundemat", "parent": "Dyremat" },
    "price": { "price": 31.1, "unitPrice": 5.18, "unit": "stk", "qty": 6 }
  },
  {
    "title": "Adult All Breed",
    "subtitle": "Salmon, 12 kg",
    "category": { "sub": "Hundemat - faghandel", "parent": "Dyremat" },
    "price": { "price": 679, "unitPrice": 56.58, "unit": "kg", "qty": 12 }
  },
  {
    "title": "Active Adult Medium Breed",
    "subtitle": "Rich In Fresh Chicken, 12 kg",
    "category": { "sub": "Hundemat - faghandel", "parent": "Dyremat" },
    "price": { "price": 649, "unitPrice": 54.08, "unit": "kg", "qty": 12 }
  },
  {
    "title": "Active Adult Large Breed",
    "subtitle": "Kylling, 12 kg",
    "category": { "sub": "Hundemat - faghandel", "parent": "Dyremat" },
    "price": { "price": 649, "unitPrice": 54.08, "unit": "kg", "qty": 12 }
  },
  {
    "title": "Active Adult Small Breed",
    "subtitle": "Rich In Fresh Chicken, 12 kg",
    "category": { "sub": "Hundemat - faghandel", "parent": "Dyremat" },
    "price": { "price": 569, "unitPrice": 47.42, "unit": "kg", "qty": 12 }
  },
  {
    "title": "Science Plan Adult Advanced Fitness Chicken",
    "subtitle": "12x370g, 4,44 kg",
    "category": { "sub": "Hundemat - faghandel", "parent": "Dyremat" },
    "price": { "price": 330, "unitPrice": 74.32, "unit": "kg", "qty": 4.44 }
  },
  {
    "title": "Adult Large Athletic",
    "subtitle": "14 kg",
    "category": { "sub": "Hundemat - faghandel", "parent": "Dyremat" },
    "price": { "price": 699, "unitPrice": 49.93, "unit": "kg", "qty": 14 }
  },
  {
    "title": "Adult Medium Chicken",
    "subtitle": "14 kg",
    "category": { "sub": "Hundemat - faghandel", "parent": "Dyremat" },
    "price": { "price": 689, "unitPrice": 49.21, "unit": "kg", "qty": 14 }
  },
  {
    "title": "Adult Light Chicken",
    "subtitle": "14 kg",
    "category": { "sub": "Hundemat - faghandel", "parent": "Dyremat" },
    "price": { "price": 739, "unitPrice": 52.79, "unit": "kg", "qty": 14 }
  },
  {
    "title": "Adult Small Chicken",
    "subtitle": "7 kg",
    "category": { "sub": "Hundemat - faghandel", "parent": "Dyremat" },
    "price": { "price": 429, "unitPrice": 61.29, "unit": "kg", "qty": 7 }
  },
  {
    "title": "Puppy Medium Chicken",
    "subtitle": "3 kg",
    "category": { "sub": "Hundemat - faghandel", "parent": "Dyremat" },
    "price": { "price": 279, "unitPrice": 93, "unit": "kg", "qty": 3 }
  },
  {
    "title": "Adult Small/Mini Sensitive",
    "subtitle": "3 kg",
    "category": { "sub": "Hundemat - faghandel", "parent": "Dyremat" },
    "price": { "price": 499, "unitPrice": 166.33, "unit": "kg", "qty": 3 }
  },
  {
    "title": "Science Plan Adult No Grain Medium Dog Chicken",
    "subtitle": "14 kg",
    "category": { "sub": "Hundemat - faghandel", "parent": "Dyremat" },
    "price": { "price": 749, "unitPrice": 62.42, "unit": "kg", "qty": 12 }
  },
  {
    "title": "Science Plan Canine Sensitive Stomach & Skin",
    "subtitle": "14 kg",
    "category": { "sub": "Hundemat - faghandel", "parent": "Dyremat" },
    "price": { "price": 799, "unitPrice": 57.07, "unit": "kg", "qty": 14 }
  },
  {
    "title": "Science Plan Puppy Healthy Development Medium Chicken",
    "subtitle": "14 kg",
    "category": { "sub": "Hundemat - faghandel", "parent": "Dyremat" },
    "price": { "price": 799, "unitPrice": 57.07, "unit": "kg", "qty": 14 }
  },
  {
    "title": "Science Plan Canine Adult Advanced Fitness Medium with Chicken",
    "subtitle": "14 kg",
    "category": { "sub": "Hundemat - faghandel", "parent": "Dyremat" },
    "price": { "price": 769, "unitPrice": 54.93, "unit": "kg", "qty": 14 }
  },
  {
    "title": "Kattemat for steriliserte katter",
    "subtitle": "1,5 kg",
    "category": { "sub": "Kattemat", "parent": "Dyremat" },
    "price": { "price": 64.8, "unitPrice": 43.2, "unit": "kg", "qty": 1.5 }
  },
  {
    "title": "Okse, Kylling & Lever",
    "subtitle": "4 kg",
    "category": { "sub": "Kattemat", "parent": "Dyremat" },
    "price": { "price": 128.8, "unitPrice": 32.2, "unit": "kg", "qty": 4 }
  },
  {
    "title": "Okse, Kylling & Lever",
    "subtitle": "1 kg",
    "category": { "sub": "Kattemat", "parent": "Dyremat" },
    "price": { "price": 48.8, "unitPrice": 48.8, "unit": "kg", "qty": 1 }
  },
  {
    "title": "Laks & Grønnsaker",
    "subtitle": "1 kg",
    "category": { "sub": "Kattemat", "parent": "Dyremat" },
    "price": { "price": 50.6, "unitPrice": 50.6, "unit": "kg", "qty": 1 }
  },
  {
    "title": "Junior Katt",
    "subtitle": "Friskies, 400 g",
    "category": { "sub": "Kattemat", "parent": "Dyremat" },
    "price": { "price": 28.4, "unitPrice": 71, "unit": "kg", "qty": 0.4 }
  },
  {
    "title": "Tunfisk og grønnsaker",
    "subtitle": "Friskies, 4 kg",
    "category": { "sub": "Kattemat", "parent": "Dyremat" },
    "price": { "price": 127.9, "unitPrice": 31.98, "unit": "kg", "qty": 4 }
  },
  {
    "title": "Latz Tasty Shreds Kjøtt",
    "subtitle": "12 stk, 960 g",
    "category": { "sub": "Kattemat", "parent": "Dyremat" },
    "price": { "price": 61.1, "unitPrice": 63.65, "unit": "kg", "qty": 0.96 }
  },
  {
    "title": "Doubly Delicious",
    "subtitle": "12 x 100g, 1,2 kg",
    "category": { "sub": "Kattemat", "parent": "Dyremat" },
    "price": { "price": 65.4, "unitPrice": 54.5, "unit": "kg", "qty": 1.2 }
  },
  {
    "title": "Latz Agail Kjøtt & Grønnsaker",
    "subtitle": "1,2 kg",
    "category": { "sub": "Kattemat", "parent": "Dyremat" },
    "price": { "price": 64.8, "unitPrice": 54, "unit": "kg", "qty": 1.2 }
  },
  {
    "title": "Gourmet Perle Multipack",
    "subtitle": "Okse, Kylling, Kanin & Laks, 8x85g, 680 g",
    "category": { "sub": "Kattemat", "parent": "Dyremat" },
    "price": { "price": 55.8, "unitPrice": 82.06, "unit": "kg", "qty": 0.68 }
  },
  {
    "title": "Gourmet Mon Petit Fisk",
    "subtitle": "6x50g, 300 g",
    "category": { "sub": "Kattemat", "parent": "Dyremat" },
    "price": { "price": 38.4, "unitPrice": 128, "unit": "kg", "qty": 0.3 }
  },
  {
    "title": "Mon Petit Kjøtt",
    "subtitle": "300 g",
    "category": { "sub": "Kattemat", "parent": "Dyremat" },
    "price": { "price": 36.2, "unitPrice": 120.67, "unit": "kg", "qty": 0.3 }
  },
  {
    "title": "Kjøttmeny i Saus",
    "subtitle": "12x100g, 1,2 kg",
    "category": { "sub": "Kattemat", "parent": "Dyremat" },
    "price": { "price": 59.4, "unitPrice": 49.5, "unit": "kg", "qty": 1.2 }
  },
  {
    "title": "Whiskas Fisk & Kjøtt i Gele",
    "subtitle": "12x100g, 1,2 kg",
    "category": { "sub": "Kattemat", "parent": "Dyremat" },
    "price": { "price": 51.1, "unitPrice": 42.58, "unit": "kg", "qty": 1.2 }
  },
  {
    "title": "Whiskas Junior Ragout",
    "subtitle": "12x85g, 1,02 kg",
    "category": { "sub": "Kattemat", "parent": "Dyremat" },
    "price": { "price": 56.6, "unitPrice": 55.49, "unit": "kg", "qty": 1.02 }
  },
  {
    "title": "Gourmet Crystal Soup Kylling & Fisk",
    "subtitle": "40 g",
    "category": { "sub": "Kattemat", "parent": "Dyremat" },
    "price": { "price": 10.8, "unitPrice": 270, "unit": "kg", "qty": 0.04 }
  },
  {
    "title": "Gourmet Crystal Soup Tunfisk & Reker",
    "subtitle": "40 g",
    "category": { "sub": "Kattemat", "parent": "Dyremat" },
    "price": { "price": 10.8, "unitPrice": 270, "unit": "kg", "qty": 0.04 }
  },
  {
    "title": "Oksekjøtt",
    "subtitle": "3,8 kg",
    "category": { "sub": "Kattemat", "parent": "Dyremat" },
    "price": { "price": 172.9, "unitPrice": 45.5, "unit": "kg", "qty": 3.8 }
  },
  {
    "title": "Oksekjøtt +1",
    "subtitle": "950 g",
    "category": { "sub": "Kattemat", "parent": "Dyremat" },
    "price": { "price": 51.8, "unitPrice": 54.53, "unit": "kg", "qty": 0.95 }
  },
  {
    "title": "Whiskas 1+ Sterile Kylling",
    "subtitle": "950 g",
    "category": { "sub": "Kattemat", "parent": "Dyremat" },
    "price": { "price": 72.1, "unitPrice": 75.89, "unit": "kg", "qty": 0.95 }
  },
  {
    "title": "Sticks Salmon",
    "subtitle": "18 g",
    "category": { "sub": "Kattemat", "parent": "Dyremat" },
    "price": { "price": 9.8, "unitPrice": 544.44, "unit": "kg", "qty": 0.02 }
  },
  {
    "title": "Sticks Strip",
    "subtitle": "18 g",
    "category": { "sub": "Kattemat", "parent": "Dyremat" },
    "price": { "price": 9.9, "unitPrice": 550, "unit": "kg", "qty": 0.02 }
  },
  {
    "title": "Whiskas Kylling i Saus",
    "subtitle": "400 g",
    "category": { "sub": "Kattemat", "parent": "Dyremat" },
    "price": { "price": 23.8, "unitPrice": 59.5, "unit": "kg", "qty": 0.4 }
  },
  {
    "title": "Whiskas Ragout Mixed Menu",
    "subtitle": "12 stk, 1,02 kg",
    "category": { "sub": "Kattemat", "parent": "Dyremat" },
    "price": { "price": 52.8, "unitPrice": 51.76, "unit": "kg", "qty": 1.02 }
  },
  {
    "title": "Triocrunchy Fjærfe",
    "subtitle": "55 g",
    "category": { "sub": "Kattemat", "parent": "Dyremat" },
    "price": { "price": 24.8, "unitPrice": 450.91, "unit": "kg", "qty": 0.05 }
  },
  {
    "title": "Sheba Soup",
    "subtitle": "4 x 40g, 160 g",
    "category": { "sub": "Kattemat", "parent": "Dyremat" },
    "price": { "price": 39.6, "unitPrice": 247.5, "unit": "kg", "qty": 0.16 }
  },
  {
    "title": "Pouch Mini Fjærkre",
    "subtitle": "300 g",
    "category": { "sub": "Kattemat", "parent": "Dyremat" },
    "price": { "price": 45.8, "unitPrice": 152.67, "unit": "kg", "qty": 0.3 }
  },
  {
    "title": "Fjerkræ Delikatesser",
    "subtitle": "680 g",
    "category": { "sub": "Kattemat", "parent": "Dyremat" },
    "price": { "price": 86.9, "unitPrice": 127.79, "unit": "kg", "qty": 0.68 }
  },
  {
    "title": "Selection Lam & Kylling",
    "subtitle": "85 g",
    "category": { "sub": "Kattemat", "parent": "Dyremat" },
    "price": { "price": 9.2, "unitPrice": 108.24, "unit": "kg", "qty": 0.08 }
  },
  {
    "title": "Craft Poultry",
    "subtitle": "Fjærkre, 85 g",
    "category": { "sub": "Kattemat", "parent": "Dyremat" },
    "price": { "price": 15.4, "unitPrice": 181.18, "unit": "kg", "qty": 0.08 }
  },
  {
    "title": "Craft Tuna",
    "subtitle": "85 g",
    "category": { "sub": "Kattemat", "parent": "Dyremat" },
    "price": { "price": 13.7, "unitPrice": 161.18, "unit": "kg", "qty": 0.08 }
  },
  {
    "title": "Pouch Mini Mix",
    "subtitle": "300 g",
    "category": { "sub": "Kattemat", "parent": "Dyremat" },
    "price": { "price": 45.8, "unitPrice": 152.67, "unit": "kg", "qty": 0.3 }
  },
  {
    "title": "Mealtime Luxuries",
    "subtitle": "80 g",
    "category": { "sub": "Kattemat", "parent": "Dyremat" },
    "price": { "price": 13.6, "unitPrice": 170, "unit": "kg", "qty": 0.08 }
  },
  {
    "title": "Tunfiskpaté",
    "subtitle": "85 g",
    "category": { "sub": "Kattemat", "parent": "Dyremat" },
    "price": { "price": 9.4, "unitPrice": 110.59, "unit": "kg", "qty": 0.08 }
  },
  {
    "title": "Gourmet Gold Oksekjøtt",
    "subtitle": "85 g",
    "category": { "sub": "Kattemat", "parent": "Dyremat" },
    "price": { "price": 9.8, "unitPrice": 115.29, "unit": "kg", "qty": 0.09 }
  },
  {
    "title": "Purina One",
    "subtitle": "Laks, 800 g",
    "category": { "sub": "Kattemat", "parent": "Dyremat" },
    "price": { "price": 63.8, "unitPrice": 79.75, "unit": "kg", "qty": 0.8 }
  },
  {
    "title": "Purina One Adult",
    "subtitle": "800 g",
    "category": { "sub": "Kattemat", "parent": "Dyremat" },
    "price": { "price": 64.1, "unitPrice": 80.13, "unit": "kg", "qty": 0.8 }
  },
  {
    "title": "Kylling & And Mix",
    "subtitle": "60 g",
    "category": { "sub": "Kattemat", "parent": "Dyremat" },
    "price": { "price": 26.4, "unitPrice": 440, "unit": "kg", "qty": 0.06 }
  },
  {
    "title": "Kylling",
    "subtitle": "60 g",
    "category": { "sub": "Kattemat", "parent": "Dyremat" },
    "price": { "price": 19.6, "unitPrice": 326.67, "unit": "kg", "qty": 0.06 }
  },
  {
    "title": "Laks",
    "subtitle": "60 g",
    "category": { "sub": "Kattemat", "parent": "Dyremat" },
    "price": { "price": 21.9, "unitPrice": 365, "unit": "kg", "qty": 0.06 }
  },
  {
    "title": "Catmilk",
    "subtitle": "3 x 200ml, 600 ml",
    "category": { "sub": "Kattemat", "parent": "Dyremat" },
    "price": { "price": 53.1, "unitPrice": 88.5, "unit": "l", "qty": 0.6 }
  },
  {
    "title": "Ultra Catsan",
    "subtitle": "10 l",
    "category": { "sub": "Kattemat", "parent": "Dyremat" },
    "price": { "price": 184.9, "unitPrice": 18.49, "unit": "l", "qty": 10 }
  },
  {
    "title": "Catsan Hygiene",
    "subtitle": "10 l",
    "category": { "sub": "Kattemat", "parent": "Dyremat" },
    "price": { "price": 118.9, "unitPrice": 11.89, "unit": "l", "qty": 10 }
  },
  {
    "title": "Kattesand Klumpe",
    "subtitle": "5 kg",
    "category": { "sub": "Kattemat", "parent": "Dyremat" },
    "price": { "price": 69.5, "unitPrice": 13.9, "unit": "kg", "qty": 5 }
  },
  {
    "title": "Kattesand",
    "subtitle": "Ikke klumpende, 4 kg",
    "category": { "sub": "Kattemat", "parent": "Dyremat" },
    "price": { "price": 30.8, "unitPrice": 7.7, "unit": "kg", "qty": 4 }
  },
  {
    "title": "Kattemat Fjærkre",
    "subtitle": "415 g",
    "category": { "sub": "Kattemat", "parent": "Dyremat" },
    "price": { "price": 8.2, "unitPrice": 19.76, "unit": "kg", "qty": 0.41 }
  },
  {
    "title": "Kattemat Fjærkre",
    "subtitle": "100 g",
    "category": { "sub": "Kattemat", "parent": "Dyremat" },
    "price": { "price": 7.7, "unitPrice": 77, "unit": "kg", "qty": 0.1 }
  },
  {
    "title": "Kattemat Tørrfor",
    "subtitle": "2 kg",
    "category": { "sub": "Kattemat", "parent": "Dyremat" },
    "price": { "price": 57.8, "unitPrice": 28.9, "unit": "kg", "qty": 2 }
  },
  {
    "title": "Katteleke 3-pack",
    "subtitle": "1 stk",
    "category": { "sub": "Kattemat", "parent": "Dyremat" },
    "price": { "price": 49.9, "unitPrice": 49.9, "unit": "stk", "qty": 1 }
  },
  {
    "title": "Klorematte",
    "subtitle": "1 stk",
    "category": { "sub": "Kattemat", "parent": "Dyremat" },
    "price": { "price": 99.9, "unitPrice": 99.9, "unit": "stk", "qty": 1 }
  },
  {
    "title": "Kyllingsnacks til Katt",
    "subtitle": "70 g",
    "category": { "sub": "Kattemat", "parent": "Dyremat" },
    "price": { "price": 22.7, "unitPrice": 324.29, "unit": "kg", "qty": 0.07 }
  },
  {
    "title": "Laksesnacks Til Katt",
    "subtitle": "70 g",
    "category": { "sub": "Kattemat", "parent": "Dyremat" },
    "price": { "price": 22, "unitPrice": 314.29, "unit": "kg", "qty": 0.07 }
  },
  {
    "title": "Latz Party Mix Seaside",
    "subtitle": "60 g",
    "category": { "sub": "Kattemat", "parent": "Dyremat" },
    "price": { "price": 24.7, "unitPrice": 411.67, "unit": "kg", "qty": 0.06 }
  },
  {
    "title": "Perle Gravy",
    "subtitle": "4 pk, 340 g",
    "category": { "sub": "Kattemat", "parent": "Dyremat" },
    "price": { "price": 36.4, "unitPrice": 107.06, "unit": "kg", "qty": 0.34 }
  },
  {
    "title": "Delicate Fish 10 Pack",
    "subtitle": "10x85g, 850 g",
    "category": { "sub": "Kattemat - faghandel", "parent": "Dyremat" },
    "price": { "price": 129, "unitPrice": 151.76, "unit": "kg", "qty": 0.85 }
  },
  {
    "title": "House Salmon 10 Pack",
    "subtitle": "10x85g, 850 g",
    "category": { "sub": "Kattemat - faghandel", "parent": "Dyremat" },
    "price": { "price": 129, "unitPrice": 151.76, "unit": "kg", "qty": 0.85 }
  },
  {
    "title": "Junior Turkey 10 Pack",
    "subtitle": "10x85g, 850 g",
    "category": { "sub": "Kattemat - faghandel", "parent": "Dyremat" },
    "price": { "price": 129, "unitPrice": 151.76, "unit": "kg", "qty": 0.85 }
  },
  {
    "title": "Sterilised Adult Salmon",
    "subtitle": "To Adult cat, 3 kg",
    "category": { "sub": "Kattemat - faghandel", "parent": "Dyremat" },
    "price": { "price": 299, "unitPrice": 99.67, "unit": "kg", "qty": 3 }
  },
  {
    "title": "Adult 7+",
    "subtitle": "3 kg",
    "category": { "sub": "Kattemat - faghandel", "parent": "Dyremat" },
    "price": { "price": 299, "unitPrice": 99.67, "unit": "kg", "qty": 3 }
  },
  {
    "title": "Adult Salmon & Rice",
    "subtitle": "3 kg",
    "category": { "sub": "Kattemat - faghandel", "parent": "Dyremat" },
    "price": { "price": 299, "unitPrice": 99.67, "unit": "kg", "qty": 3 }
  },
  {
    "title": "Science Plan Feline Young Adult Sterilised Cat",
    "subtitle": "3 kg",
    "category": { "sub": "Kattemat - faghandel", "parent": "Dyremat" },
    "price": { "price": 449, "unitPrice": 149.67, "unit": "kg", "qty": 3 }
  },
  {
    "title": "Science Plan Feline Young Adult Sterilised Cat",
    "subtitle": "12x85g, 1,02 kg",
    "category": { "sub": "Kattemat - faghandel", "parent": "Dyremat" },
    "price": { "price": 149, "unitPrice": 146.08, "unit": "kg", "qty": 1.02 }
  },
  {
    "title": "Science Plan Kitten Chicken",
    "subtitle": "3 kg",
    "category": { "sub": "Kattemat - faghandel", "parent": "Dyremat" },
    "price": { "price": 429, "unitPrice": 143, "unit": "kg", "qty": 3 }
  },
  {
    "title": "Snadder Meiseboller",
    "subtitle": "6 stk, 540 g",
    "category": { "sub": "Fuglemat", "parent": "Dyremat" },
    "price": { "price": 16.9, "unitPrice": 31.3, "unit": "kg", "qty": 0.54 }
  },
  {
    "title": "Crunchy Undulatstenger",
    "subtitle": "2 stk",
    "category": { "sub": "Fuglemat", "parent": "Dyremat" },
    "price": { "price": 22.5, "unitPrice": 11.25, "unit": "stk", "qty": 2 }
  },
  {
    "title": "Solsikkefrø",
    "subtitle": "1 kg",
    "category": { "sub": "Fuglemat", "parent": "Dyremat" },
    "price": { "price": 28.1, "unitPrice": 28.1, "unit": "kg", "qty": 1 }
  },
  {
    "title": "Solsikkefrø",
    "subtitle": "2,5 kg",
    "category": { "sub": "Fuglemat", "parent": "Dyremat" },
    "price": { "price": 49.8, "unitPrice": 19.92, "unit": "kg", "qty": 2.5 }
  },
  {
    "title": "Fuglepeanøtter",
    "subtitle": "0,25 kg",
    "category": { "sub": "Fuglemat", "parent": "Dyremat" },
    "price": { "price": 18, "unitPrice": 72, "unit": "kg", "qty": 0.25 }
  },
  {
    "title": "Fuglesand",
    "subtitle": "2,5 kg",
    "category": { "sub": "Fuglemat", "parent": "Dyremat" },
    "price": { "price": 29.1, "unitPrice": 11.64, "unit": "kg", "qty": 2.5 }
  },
  {
    "title": "Crunchy Frøstenger til Gnagere",
    "subtitle": "2 stk, 120 g",
    "category": { "sub": "Gnagermat", "parent": "Dyremat" },
    "price": { "price": 30, "unitPrice": 250, "unit": "kg", "qty": 0.12 }
  },
  {
    "title": "Festival Woody Spon Burstrø",
    "subtitle": "1 kg",
    "category": { "sub": "Gnagermat", "parent": "Dyremat" },
    "price": { "price": 36.8, "unitPrice": 36.8, "unit": "kg", "qty": 1 }
  },
  {
    "title": "Festival Kompakt Høy",
    "subtitle": "1 kg",
    "category": { "sub": "Gnagermat", "parent": "Dyremat" },
    "price": { "price": 43.7, "unitPrice": 43.7, "unit": "kg", "qty": 1 }
  },
  {
    "title": "Festival Gnagerblanding",
    "subtitle": "900 g",
    "category": { "sub": "Gnagermat", "parent": "Dyremat" },
    "price": { "price": 60.6, "unitPrice": 67.33, "unit": "kg", "qty": 0.9 }
  }
]
